2130 2962
298 212 337 241 22
550 210 766 242 GHARTERS
789 211 840 243 OF
862 212 945 242 THE
967 211 1115 242 FRIARs
1137 207 1381 241 PREAGHERS
1405 208 1457 239 OF
1479 208 1576 240 AYR.

304 306 432 343 Sciatis
450 320 516 344 nos
532 320 596 356 pro
615 307 730 343 salute
746 307 864 343 anime
880 312 1000 344 nostre
1018 311 1055 343 et
1079 320 1144 356 pro
1162 307 1278 343 salute
1296 306 1497 342 animarum
1515 310 1781 342 antecessorum
1800 310 1837 341 et

301 383 541 407 successorum
564 376 767 408 nostrorum
793 370 932 419 Regum
958 370 1080 407 Scocie
1106 370 1245 407 dedisse
1272 368 1485 406 concessisse
1512 373 1548 404 et
1574 381 1638 416 per
1654 372 1838 416 presentes

303 433 424 470 literas
441 439 580 470 nostras
598 434 824 470 confirmasse
849 433 1024 482 religiosis
1043 433 1132 469 viris
1148 433 1259 481 priori
1285 436 1321 468 et
1339 430 1535 468 conventui
1560 430 1728 466 Fratrum
1753 430 1838 466 Pre-

303 495 502 532 dicatorum
520 496 563 532 de
580 496 652 533 Are
680 496 812 545 viginti
838 495 946 531 libras
974 495 1226 544 sterlingorum
1254 494 1299 531 de
1327 493 1519 530 elemosina
1546 497 1668 529 nostra
1692 491 1839 541 speciali

303 570 368 605 pro
382 560 644 595 sustentacione
659 558 803 595 ecclesie
816 562 853 594 et
867 558 1054 594 domorum
1071 571 1216 594 suarum
1233 556 1480 605 percipiendas
1498 555 1567 591 sibi
1585 555 1775 590 annuatim
1793 553 1838 590 de

302 620 427 667 primis
444 620 555 657 firmis
572 621 856 657 molendinorum
880 626 1083 656 nostrorum
1108 625 1144 657 et
1168 621 1274 669 burgi
1299 620 1414 656 nostri
1440 619 1484 655 de
1510 618 1583 654 Are
1601 617 1648 654 ad
1665 617 1837 653 terminos

304 681 532 719 Pentecostes
563 688 599 719 et
624 683 738 719 sancti
770 683 919 719 Martini
952 683 991 718 in
1020 696 1124 731 yeme
1156 696 1221 731 pro
1256 682 1374 731 equali
1407 681 1576 730 porcione
1609 692 1674 728 per
1707 692 1837 715 manus

304 745 485 780 camerarii
514 745 625 780 nostri
657 745 776 781 Scocie
806 750 843 781 et
872 745 1116 781 ministrorum
1146 758 1291 781 suorum
1322 745 1385 793 qui
1414 756 1478 792 pro
1508 748 1670 791 tempore
1700 741 1837 778 fuerint

302 804 434 853 absque
456 805 574 854 aliqua
592 806 871 842 contradiccione
899 807 944 842 In
971 807 1071 843 cuius
1098 807 1150 842 rei
1176 806 1425 843 testimonium
1452 806 1517 841 has
1543 805 1667 841 literas
1694 810 1836 841 nostras

302 871 474 914 perpetuo
491 867 677 903 duraturas
694 868 762 904 sibi
778 868 855 904 fieri
871 869 1020 904 fecimus
1037 874 1201 917 patentes
1226 869 1337 916 Apud
1361 868 1504 905 Gervan
1521 868 1560 903 in
1578 866 1717 915 Oarryk
1734 872 1835 903 sexto

303 927 361 963 die
378 928 561 964 Februarii
578 942 669 965 anno
686 930 787 978 regni
805 930 918 965 nostri
935 931 1103 966 vicesimo
1128 931 1237 967 tercio
1265 930 1508 978 Quasquidem
1525 930 1647 966 literas
1664 930 1703 965 in
1720 931 1834 966 omni-

302 988 369 1024 bus
404 994 440 1025 et
474 990 623 1038 singulis
658 991 824 1027 clausulis
867 993 1134 1029 condicionibus
1177 993 1338 1029 articulis
1372 997 1409 1028 et
1443 992 1727 1028 circumstanciis
1762 993 1836 1028 suis

302 1051 476 1086 universis
508 1051 622 1087 forma
654 1053 788 1099 pariter
821 1057 857 1089 et
891 1054 1019 1090 effectu
1052 1054 1269 1090 ratificamus
1304 1054 1543 1102 approbamus
1578 1059 1615 1090 et
1639 1067 1704 1102 pro
1732 1055 1835 1091 nobis

303 1117 339 1147 et
380 1113 511 1148 nostris
552 1113 740 1150 heredibus
782 1115 1046 1163 imperpetuum
1088 1116 1338 1152 confirmamus
1381 1116 1430 1152 Et
1471 1116 1728 1152 nichilominus
1769 1130 1834 1165 pro

301 1173 404 1209 nobis
430 1179 466 1209 et
492 1174 625 1210 eisdem
658 1177 787 1212 nostris
820 1177 1009 1214 heredibus
1042 1178 1191 1226 prefatis
1220 1179 1395 1227 religiosis
1422 1191 1466 1215 ex
1492 1178 1721 1215 habundanti
1751 1192 1834 1215 con-

303 1235 460 1270 cedimus
484 1236 579 1283 quod
603 1237 673 1284 ipsi
698 1239 878 1285 perpetuis
904 1239 1035 1275 futuris
1061 1240 1280 1288 temporibus
1305 1253 1370 1288 pro
1393 1241 1659 1277 sustentacione
1690 1241 1836 1277 ecclesie

303 1301 339 1332 et
373 1297 558 1333 domorum
600 1310 743 1334 suarum
784 1301 983 1348 percipiant
1025 1302 1212 1338 annuatim
1254 1303 1454 1351 predictam
1489 1316 1668 1339 summam
1702 1304 1836 1353 viginti

301 1358 471 1394 librarum
488 1359 736 1408 sterlingorum
766 1361 811 1397 de
837 1363 961 1410 primis
988 1363 1100 1399 firmis
1128 1365 1203 1400 sive
1231 1365 1386 1401 denariis
1416 1365 1655 1413 percipiendis
1684 1371 1748 1402 aut
1766 1379 1835 1414 que

301 1420 415 1467 primo
440 1421 574 1468 percipi
596 1423 754 1469 poterint
772 1423 816 1459 de
838 1424 950 1473 burgo
968 1430 1004 1461 et
1020 1426 1233 1462 molendinis
1251 1427 1295 1463 de
1312 1426 1385 1463 Are
1409 1428 1581 1476 predictis
1599 1428 1646 1464 ad
1662 1429 1836 1465 terminos

302 1481 529 1518 Pentecostes
557 1488 593 1519 et
620 1485 734 1519 sancti
762 1485 913 1522 Martini
940 1487 978 1522 in
1004 1500 1106 1535 yeme
1135 1501 1198 1536 per
1227 1490 1411 1537 porciones
1442 1491 1586 1538 equales
1612 1491 1700 1527 adeo
1725 1491 1836 1528 libere

301 1543 447 1590 pacifice
465 1549 501 1579 et
519 1544 636 1591 quiete
654 1545 691 1580 in
715 1546 878 1583 omnibus
896 1552 932 1583 et
948 1561 1012 1595 per
1036 1550 1156 1585 omnia
1181 1551 1275 1587 sicut
1300 1552 1436 1599 prefate
1461 1553 1565 1589 litere
1591 1553 1681 1589 dicti
1698 1554 1837 1590 domini

303 1605 362 1640 avi
390 1605 504 1640 nostri
533 1606 572 1641 in
601 1619 638 1642 se
667 1607 811 1643 liberius
841 1609 934 1645 iuste
968 1611 1154 1647 continent
1184 1617 1221 1648 et
1250 1619 1463 1661 proportant
1493 1614 1611 1657 Quare
1644 1617 1836 1653 camerario

302 1671 423 1702 nostro
441 1672 477 1702 et
493 1668 665 1704 ministris
683 1670 756 1705 suis
782 1670 845 1717 qui
870 1683 935 1718 pro
961 1676 1121 1720 tempore
1147 1673 1282 1710 fuerint
1309 1675 1435 1712 damus
1462 1681 1587 1714 tenore
1611 1679 1836 1726 presencium

302 1727 452 1764 firmiter
468 1729 507 1764 in
523 1730 702 1765 mandatis
728 1731 825 1778 quod
850 1733 1005 1780 prefatas
1029 1734 1163 1782 viginti
1188 1736 1298 1772 libras
1325 1738 1460 1774 eisdem
1485 1740 1661 1788 religiosis
1687 1742 1751 1790 qui
1771 1755 1836 1790 pro

303 1794 462 1837 tempore
490 1791 623 1827 fuerint
648 1792 798 1829 indilate
825 1799 862 1829 et
890 1795 966 1831 sine
996 1796 1208 1833 difficultate
1237 1800 1444 1846 persolvant
1475 1803 1579 1839 annis
1609 1804 1761 1853 singulis
1790 1804 1837 1841 ad

303 1852 473 1887 terminos
507 1854 727 1900 supradictos
770 1868 858 1903 quas
899 1857 1038 1904 prefato
1077 1858 1277 1896 Camerario
1315 1866 1438 1899 nostro
1473 1869 1509 1900 et
1542 1865 1718 1902 ministris
1762 1867 1836 1903 suis

302 1913 472 1960 predictis
501 1914 540 1949 in
570 1916 743 1963 compotis
773 1917 846 1953 suis
872 1919 1000 1955 annuis
1028 1920 1072 1956 de
1101 1920 1213 1957 firmis
1239 1924 1434 1961 eorundem
1464 1926 1569 1976 burgi
1597 1932 1634 1964 et
1660 1929 1835 1965 molendi-

301 1987 429 2010 norum
446 1975 635 2012 reddendis
653 1978 817 2014 volumus
845 1984 881 2015 et
907 1982 1123 2030 precipimus
1149 1996 1214 2031 per
1239 1991 1423 2032 presentes
1449 1989 1592 2036 plenius
1620 1991 1764 2028 allocari
1793 1992 1837 2028 In

302 2037 402 2072 cuius
435 2038 487 2073 rei
520 2039 765 2076 testimonium
798 2041 862 2077 has
896 2043 1018 2080 literas
1052 2050 1192 2082 nostras
1233 2053 1406 2096 perpetuo
1441 2050 1631 2089 duraturas
1664 2054 1837 2102 predictis

300 2098 472 2147 religiosis
501 2099 577 2136 fieri
606 2101 754 2139 fecimus
782 2110 944 2151 patentes
986 2106 1096 2155 Apud
1124 2107 1196 2145 Are
1226 2110 1396 2148 vicesimo
1427 2115 1583 2151 secundo
1614 2115 1674 2153 die
1703 2118 1838 2154 mensis

303 2161 465 2198 Octobris
483 2175 576 2198 anno
593 2164 694 2212 regni
710 2166 823 2202 nostri
840 2172 949 2205 sexto.

962 2280 1165 2320 ABsrRAcr.

376 2358 631 2398 Oonfirmation
661 2363 710 2412 by
739 2364 874 2403 Robert
903 2367 966 2404 the
997 2368 1146 2416 Second,
1174 2372 1277 2423 King
1302 2374 1342 2411 of
1362 2375 1474 2423 Scots,
1496 2379 1537 2416 of
1558 2381 1685 2419 letters
1710 2389 1839 2432 patent

301 2422 453 2469 granted
479 2423 528 2471 by
545 2424 600 2460 his
624 2427 857 2474 grandfather
883 2430 924 2466 of
949 2431 1148 2470 illustrious
1171 2447 1342 2485 memory,
1363 2439 1465 2490 King
1492 2442 1629 2481 Robert
1647 2445 1709 2483 the
1731 2446 1838 2494 First‚

302 2483 340 2518 in
357 2483 482 2520 favour
499 2486 538 2521 of
551 2487 613 2523 the
631 2489 728 2536 prior
745 2491 816 2527 and
835 2498 990 2530 convent
1008 2494 1049 2530 of
1062 2495 1124 2532 the
1141 2496 1171 2533 F
1172 2498 1260 2535 riars
1278 2499 1472 2541 Preachers
1491 2506 1530 2542 of
1543 2506 1632 2556 Ayr,
1651 2509 1690 2545 in
1708 2511 1842 2559 special
