2130 2962
299 210 338 239 70
549 208 766 240 OHARTERS
789 208 840 239 OF
863 209 947 240 THE
969 209 1120 240 FRIARS
1141 207 1386 240 PREAGHERS
1410 209 1461 240 OF
1483 209 1579 240 AYR.

300 301 345 337 de
362 301 433 337 Are
449 301 548 349 prius
566 301 661 338 facta
679 303 826 339 accessit
843 302 1076 351 personaliter
1094 302 1140 338 ad
1156 306 1271 338 terras
1297 301 1515 349 subscriptas
1532 301 1649 350 primo
1666 301 1835 339 videlicet

301 364 347 400 ἃᾶ
363 369 475 400 terras
493 364 537 401 de
555 364 810 401 Kerrisholmis
828 365 984 401 secundo
1012 365 1058 401 ad
1075 369 1187 401 terras
1204 368 1430 411 nuncupatas
1448 363 1662 400 Kerrisland
1675 364 1835 413 jacentes

300 428 395 463 inter
412 432 524 463 terras
545 427 589 463 de
607 427 768 476 Dupholl
784 428 823 463 in
841 427 1020 464 territorio
1039 427 1143 476 burgi
1159 427 1314 475 predicti
1332 431 1368 462 et
1384 426 1518 462 ibidem
1537 426 1632 462 idem
1651 427 1835 474 predictus

301 490 456 526 ballivus
474 489 620 525 divisim
638 502 744 538 super
760 490 877 527 solum
895 490 1084 526 cuiuslibet
1101 489 1345 537 predictarum
1368 493 1545 524 terrarum
1570 501 1635 536 per
1651 494 1744 541 terre
1762 487 1832 539 [et]

300 551 431 599 lapidis
454 551 687 588 donacionem
710 557 848 589 statum
866 552 966 588 dedit
983 552 1240 588 hereditarium
1265 565 1305 588 ac
1328 551 1485 587 sasinam
1508 551 1624 587 tocius
1645 557 1681 588 et
1697 552 1835 601 integre

301 614 410 650 tercie
428 614 541 662 partis
567 614 661 651 dicte
687 614 839 664 Agnetis
864 615 1106 663 predictarum
1132 619 1310 650 terrarum
1336 614 1534 650 secundum
1560 614 1712 650 formam
1739 615 1835 651 dicte

302 676 553 725 resignacionis
570 677 766 713 venerabili
783 678 821 712 in
840 677 981 713 Christo
998 677 1095 724 patri
1112 676 1215 712 fratri
1240 676 1264 712 J
1266 676 1400 712 ohanni
1427 676 1603 712 Schankis
1627 677 1740 724 priori
1764 677 1834 713 loci

302 752 343 775 ac
369 743 565 775 conventus
591 739 759 775 Fratrum
785 739 1053 774 Predicatorum
1080 739 1124 775 de
1150 738 1223 774 Are
1250 744 1286 775 et
1312 739 1386 775 suis
1412 738 1673 775 successoribus
1698 751 1836 775 necnon

301 801 432 837 realem
475 805 511 836 et
554 801 772 848 corporalem
805 801 1062 848 possessionem
1103 800 1257 836 tenende
1294 805 1331 836 et
1365 801 1580 849 possidende
1615 801 1715 837 salvo
1754 801 1835 849 jure

302 863 492 899 cuiuslibet
522 863 788 910 imperpetuum
814 863 935 898 Tercio
966 863 1114 898 accessit
1139 862 1236 899 idem
1262 863 1418 899 ballivus
1444 863 1491 899 ad
1516 868 1628 899 terras
1654 863 1699 899 de
1730 863 1835 900 Stob-

302 925 455 973 redding
492 929 528 960 et
562 924 740 960 Lachlane
777 924 895 960 landis
935 937 1016 960 cum
1053 925 1285 972 pertinenciis
1315 925 1477 972 jacentes
1512 926 1609 961 inter
1641 930 1754 962 terras
1789 926 1834 962 de

302 985 487 1034 Olongall1
513 986 552 1021 in
581 986 759 1021 territorio
789 986 894 1034 burgi
923 986 1077 1033 predicti
1108 990 1145 1022 et
1175 985 1309 1022 ibidem
1339 999 1403 1034 per
1431 988 1667 1023 tradicionem
1697 988 1831 1037 denarij

302 1054 438 1084 statum
463 1048 564 1084 dedit
587 1048 842 1084 hereditarium
869 1061 909 1083 ao
937 1048 1091 1084 sasinam
1121 1048 1165 1084 de
1190 1049 1300 1085 tercia
1329 1054 1431 1097 parte
1458 1055 1613 1098 quatuor
1640 1050 1834 1088 solidorum

301 1110 486 1146 cuiusdam
512 1110 619 1157 annuj
648 1110 809 1145 redditus
834 1110 1014 1158 wlgariter
1040 1111 1240 1158 nuncupati
1267 1111 1393 1147 Kerris
1420 1112 1567 1148 annuali
1592 1113 1729 1149 virtute
1754 1126 1833 1161 pre-

301 1172 396 1208 dicte
421 1171 675 1219 resignacionis
701 1171 745 1207 de
763 1171 869 1207 dictis
889 1172 993 1207 terris
1017 1184 1098 1207 cum
1115 1172 1346 1219 pertinenciis
1367 1174 1555 1210 annuatim
1582 1174 1735 1222 levanda
1757 1188 1834 1223 pre-

300 1234 374 1270 fato
397 1234 499 1269 fratri
522 1233 546 1268 J
547 1233 676 1282 ohannj
706 1233 880 1269 Schankis
905 1234 1015 1281 priori
1041 1238 1076 1269 et
1102 1234 1175 1270 suis
1202 1235 1460 1271 successoribus
1487 1236 1659 1272 solvenda
1679 1237 1835 1275 tenenda

301 1301 337 1332 et
361 1295 577 1344 possidenda
603 1295 867 1343 imperpetuum
892 1295 1006 1343 Super
1031 1296 1160 1343 quibus
1189 1296 1354 1333 omnibus
1380 1303 1416 1333 et
1433 1298 1584 1346 singulis
1602 1299 1713 1346 peciit
1738 1299 1834 1335 idem

300 1357 500 1405 sepedictus
514 1356 625 1392 frater
636 1355 660 1392 J
662 1356 820 1392 ohannes
834 1355 1008 1392 Schankis
1021 1357 1118 1404 prior
1136 1357 1180 1393 de
1198 1358 1269 1394 Are
1285 1371 1351 1406 pro
1369 1372 1406 1395 se
1427 1365 1464 1396 et
1482 1361 1555 1396 suis
1573 1362 1834 1398 successoribus

301 1419 390 1454 dicti
406 1418 475 1454 loci
489 1431 510 1453 a
522 1431 579 1454 me
593 1419 730 1454 notario
748 1418 891 1466 publico
909 1419 1110 1467 subscripto
1128 1420 1197 1455 sibi
1213 1420 1289 1469 fierj
1310 1434 1424 1457 unum
1442 1427 1478 1458 et
1494 1423 1598 1470 plura
1615 1423 1832 1460 instrumen-

301 1485 382 1516 tum
412 1493 453 1515 ac
480 1480 719 1516 instrumenta
744 1480 838 1516 Acta
872 1485 974 1516 erant
1007 1481 1072 1517 hec
1106 1481 1251 1517 divisim
1286 1495 1393 1531 super
1425 1484 1558 1520 fundos
1591 1486 1833 1533 predictarum

301 1547 476 1578 terrarum
501 1541 589 1577 hora
613 1542 752 1577 decima
778 1546 860 1578 ante
886 1542 1072 1578 meridiem
1096 1543 1155 1579 vel
1173 1556 1214 1579 ea
1239 1544 1332 1580 circa
1357 1545 1424 1581 sub
1443 1559 1537 1582 anno
1563 1547 1621 1583 die
1639 1561 1761 1585 mense
1778 1549 1833 1584 in-

302 1604 460 1640 diccione
477 1603 690 1651 pontificatu
709 1608 745 1639 et
762 1616 872 1652 regno
889 1604 982 1652 regis
1000 1604 1129 1651 quibus
1147 1618 1254 1653 supra
1279 1608 1504 1653 presentibus
1521 1609 1654 1644 ibidem
1672 1610 1832 1657 providis

302 1666 389 1701 viris
416 1665 569 1713 Georgio
592 1665 721 1701 Nesbit
748 1665 771 1700 J
773 1665 913 1700 ohanne
940 1666 1147 1702 M‘charde
1171 1667 1307 1703 Thoma
1332 1669 1356 1704 J
1358 1682 1495 1705 onsoun
1526 1671 1832 1720 conburgensibus

304 1727 392 1763 dicti
417 1727 522 1775 burgi
545 1726 700 1762 Roberto
726 1726 797 1774 Rig
826 1726 1008 1763 Willelmo
1037 1727 1139 1764 Dane
1169 1734 1206 1764 et
1235 1729 1441 1767 Alexandro
1468 1732 1652 1769 Gardnare
1677 1734 1833 1771 testibus

303 1790 350 1825 ad
366 1789 537 1837 premissa
553 1789 688 1824 vocatis
705 1789 838 1836 pariter
855 1793 892 1824 et
908 1790 1051 1837 rogatis.

378 1851 426 1887 Et
460 1863 524 1899 ego
555 1850 732 1886 Patricius
762 1849 848 1886 Law
877 1850 1052 1898 presbiter
1085 1851 1315 1900 Glasguensis
1345 1853 1496 1891 diocesis
1525 1856 1691 1904 publicus
1721 1859 1834 1908 regali

451 1911 662 1948 auctoritate
679 1912 838 1947 notarius
858 1910 952 1960 (eto,
971 1912 1009 1948 in
1026 1912 1141 1949 forma
1158 1914 1363 1963 communi).

966 2034 1166 2072 ABSTRAOT.

379 2123 602 2159 Instrument
619 2132 665 2155 on
682 2119 744 2156 the
770 2119 894 2156 Sasine
911 2121 1019 2169 given
1035 2126 1074 2157 to
1091 2122 1189 2169 prior
1205 2122 1302 2158 John
1327 2123 1490 2161 Schanks
1509 2127 1581 2163 and
1599 2127 1661 2165 the
1680 2137 1837 2169 convent

305 2185 345 2222 of
374 2185 438 2220 the
472 2183 589 2219 Friars
615 2182 806 2218 Preachers
836 2182 876 2218 of
905 2183 993 2231 Ayr,
1025 2183 1075 2231 by
1104 2184 1249 2220 Patrick
1280 2185 1364 2230 Ker,
1393 2200 1460 2224 one
1491 2189 1531 2225 of
1561 2190 1623 2226 the
1649 2191 1774 2230 bailias
1800 2196 1841 2231 0f

305 2247 391 2295 Ayr,
409 2247 449 2282 of
470 2245 574 2282 lands
602 2244 766 2292 resigned
793 2245 832 2280 in
853 2245 909 2281 his
936 2245 1052 2281 hands
1079 2245 1129 2293 by
1145 2246 1350 2284 Alexander
1378 2249 1576 2288 Cauldwell
1604 2253 1644 2289 of
1665 2255 1748 2292 that
1774 2257 1837 2302 ilk,

305 2322 342 2345 as
367 2312 574 2357 procurator
599 2307 655 2343 for
679 2306 802 2355 Agnes
829 2307 934 2352 Kere,
963 2308 1100 2352 widow,
1113 2309 1178 2345 viz.
1208 2310 1248 2345 of
1269 2310 1330 2346 the
1356 2312 1456 2349 third
1476 2320 1559 2362 part
1584 2315 1625 2352 of
1646 2317 1709 2354 the
1734 2318 1838 2356 lands

306 2371 345 2408 of
362 2370 622 2407 Kerrisholmes
641 2369 712 2405 and
738 2369 957 2413 Kerrisland‚
975 2370 1078 2419 lying
1098 2370 1259 2407 between
1276 2372 1337 2409 the
1357 2373 1462 2411 lands
1480 2376 1521 2412 of
1542 2376 1703 2427 Dupholl
1720 2381 1759 2417 in
1776 2382 1839 2419 the

306 2434 476 2481 territory
502 2432 541 2468 of
562 2433 649 2479 Ayr‚
679 2432 751 2468 and
776 2432 876 2468 third
901 2437 983 2481 part
1008 2433 1047 2469 os
1071 2446 1117 2469 an
1143 2435 1357 2472 annualrent
1375 2437 1415 2472 of
1434 2437 1515 2474 four
1532 2440 1706 2491 shillings,
1725 2444 1839 2481 called

553 2503 562 2520 ¹
576 2508 611 2535 In
624 2507 671 2535 the
688 2507 911 2543 neighbourhood
926 2508 955 2535 of
970 2508 1037 2543 Ayr,
1051 2517 1113 2535 now
1126 2512 1187 2545 part
1202 2509 1231 2536 of
1246 2510 1292 2537 the
1307 2514 1391 2539 estate
1405 2512 1434 2540 of
1447 2514 1577 2544 Carclm'e.
