2130 2962
563 199 782 233 GHARTERS
806 203 857 234 OF
879 203 963 234 THE
985 204 1135 235 FRIARs
1157 205 1403 239 PREAGHERS
1427 210 1478 241 OF
1500 211 1595 243 AYR.
1804 217 1843 245 83

301 359 358 392 56.
384 354 565 393 Notarial
594 356 696 407 Oopy
713 359 758 407 of
775 359 892 407 Brief
910 357 954 408 by
970 360 1075 409 Pope
1100 361 1172 399 Leo
1193 362 1255 407 X„
1268 363 1340 411 for
1364 365 1557 415 rectffyiny
1575 368 1632 405 the
1658 367 1842 406 disorders

451 426 661 463 committed
696 428 741 475 by
774 427 1003 465 Charchmen
1031 430 1178 478 ayainst
1208 432 1265 469 the
1292 432 1511 472 Mendieam
1541 435 1842 486 Friars.—[26th

452 494 555 532 June
576 495 700 545 1518.]

926 574 1003 611 Lno
1028 575 1134 612 PAPA
1150 576 1208 613 XS.

376 672 567 710 Universis
590 677 627 710 et
656 674 810 723 singulis
837 675 1104 713 venerabilibus
1131 677 1302 714 fratribus
1330 679 1541 727 patriarchis
1569 682 1840 731 archiepiscopis

301 734 477 785 episcopis
513 740 551 772 et
585 736 727 773 dilectis
761 737 847 773 filiis
881 737 1004 774 electis
1039 739 1229 776 abbatibus
1262 742 1451 789 prepositis
1486 755 1527 779 ac
1559 744 1839 791 patriarcharum

301 798 647 847 archiepiscoporum
682 804 719 836 et
757 800 1005 848 episcoporum
1038 802 1077 838 in
1117 803 1364 850 spiritualibus
1397 804 1540 841 vicariis
1573 806 1725 842 ubilibet
1759 819 1839 842 con-

300 861 441 898 stitutis
483 861 638 897 salutem
679 867 716 898 et
755 863 990 911 apostolicam
1033 863 1319 901 benedictionem
1353 866 1495 914 Exponi
1533 868 1637 904 nobis
1679 868 1841 905 fecerunt

300 923 425 960 dilecti
449 923 517 959 filii
544 924 721 972 generalis
746 925 920 974 magister
947 931 984 962 et
1011 927 1145 974 priores
1162 928 1399 975 provinciales
1424 929 1557 965 ordinis
1574 930 1739 967 Fratrum
1756 931 1838 967 Pre-

302 986 502 1023 dicatorum
536 987 635 1035 quod
663 987 748 1024 licet
781 988 869 1024 alias
902 988 997 1025 fame
1030 990 1214 1026 recolende
1247 990 1271 1026 J
1273 991 1431 1027 ohannes
1464 991 1563 1040 Papa
1597 993 1683 1041 xxij.
1713 993 1838 1041 prede-

302 1061 418 1085 cessor
433 1054 556 1085 noster
579 1062 644 1098 per
669 1050 853 1099 quandam
879 1063 981 1087 suam
999 1052 1295 1088 constitutionem
1320 1065 1389 1100 que
1414 1053 1542 1102 incipit
1558 1054 1631 1090 Vas
1657 1055 1839 1091 electionis

302 1111 508 1160 opinionem
537 1125 722 1148 erroneam
751 1112 934 1161 quondam
962 1113 987 1149 J
988 1113 1139 1150 ohannis
1169 1114 1213 1150 de
1243 1114 1398 1151 Polliaco
1432 1115 1526 1151 inter
1556 1116 1626 1152 alia
1650 1117 1838 1153 sentientis

302 1175 398 1224 quod
424 1175 547 1211 fideles
573 1174 745 1211 fratribus
776 1175 942 1211 ordinum
967 1175 1258 1212 Mendicancium
1286 1177 1487 1225 generalem
1515 1177 1700 1214 licenciam
1730 1192 1751 1214 a
1779 1179 1838 1226 pie

300 1238 470 1274 memorie
487 1237 671 1274 Clemente
689 1237 790 1285 Papa
802 1251 835 1273 v.
850 1238 963 1274 eciam
979 1238 1224 1286 predecessore
1241 1244 1363 1275 nostro
1376 1252 1440 1287 per
1453 1240 1528 1276 eius
1546 1240 1837 1276 constitutionem

301 1301 341 1337 in
370 1300 520 1337 concilio
548 1300 747 1336 Viennensi
778 1300 913 1336 editam
948 1314 1017 1349 que
1050 1301 1179 1349 incipit
1213 1301 1363 1337 Dudum
1397 1302 1633 1338 confessiones
1668 1303 1838 1339 audiendi

302 1376 504 1400 concessam
520 1362 736 1398 habentibus
754 1363 907 1398 confessi
931 1367 1142 1399 tenerentur
1157 1368 1305 1411 peccata
1320 1376 1385 1411 per
1402 1376 1461 1400 eos
1478 1364 1584 1400 dictis
1600 1365 1770 1401 fratribus
1788 1365 1838 1400 sic

303 1426 463 1463 confessa
479 1425 624 1474 proprio
651 1424 828 1461 sacerdoti
852 1425 984 1460 iterum
1010 1425 1173 1461 confiteri
1198 1425 1421 1461 damnaverit
1443 1430 1479 1461 et
1500 1425 1628 1461 deinde
1653 1425 1838 1461 recolende

302 1564 397 1588 sores
422 1551 536 1587 nostri
560 1550 761 1599 predictam
788 1554 825 1585 et
850 1549 1043 1586 nonnullas
1069 1550 1155 1586 alias
1181 1550 1341 1586 eiusdem
1366 1550 1390 1586 J
1392 1550 1541 1586 ohannis
1558 1550 1603 1586 de
1627 1550 1783 1586 Polliaco
1801 1554 1837 1586 et

301 1615 453 1651 aliorum
486 1612 714 1662 quorundam
747 1612 934 1660 opiniones
967 1617 1005 1648 et
1034 1613 1249 1648 asserciones
1284 1613 1395 1648 eciam
1429 1613 1707 1648 condemnantes
1739 1625 1839 1647 man-

301 1677 467 1714 daverint
493 1681 617 1712 contra
642 1674 837 1711 earundem
862 1675 1073 1723 opinionum
1099 1679 1287 1711 assertores
1313 1675 1372 1711 vel
1388 1679 1431 1711 ut
1456 1679 1580 1711 contra
1604 1674 1776 1710 hereticos
1803 1678 1838 1710 et

302 1739 347 1776 de
372 1739 444 1776 fide
471 1738 648 1775 catholica
673 1741 858 1786 suspectos
884 1737 1014 1773 debere
1030 1736 1174 1785 procedi
1192 1742 1229 1773 et
1244 1736 1342 1772 idem
1360 1737 1483 1773 Sixtus
1507 1736 1730 1785 predecessor
1755 1750 1836 1773 con-

302 1802 447 1839 cesserit
460 1801 559 1850 quod
576 1801 607 1836 si
624 1805 779 1836 rectores
796 1799 1071 1848 parrochialium
1089 1799 1316 1835 ecclesiarum
1333 1804 1553 1835 sacramenta
1574 1799 1784 1835 eucharistie
1802 1805 1838 1835 et

302 1869 461 1901 extreme
481 1863 664 1900 unctionis
682 1862 728 1910 ijs
747 1862 810 1910 qui
828 1862 935 1897 dictis
952 1861 1123 1897 fratribus
1142 1866 1260 1897 essent
1277 1861 1429 1897 confessi
1446 1861 1579 1908 absque
1596 1861 1665 1897 alia
1681 1861 1837 1897 raciona-

301 1927 367 1963 bili
392 1940 499 1963 causa
521 1926 703 1962 maliciose
728 1929 902 1973 negarent
931 1924 992 1960 vel
1026 1923 1193 1959 exhibere
1228 1923 1412 1959 differrent
1440 1923 1568 1958 fratres
1593 1923 1746 1970 predicti
1775 1923 1836 1959 illa

302 1990 463 2039 personis
480 2001 634 2038 quarum
657 1988 897 2024 confessiones
923 1986 1147 2023 audivissent
1165 1998 1206 2021 ea
1223 1985 1432 2033 petentibus
1456 1985 1658 2020 ministrare
1674 1985 1835 2020 valerent

302 2058 339 2090 et
364 2052 462 2102 quod
487 2051 598 2101 ijdem
616 2051 746 2086 fratres
771 2050 831 2086 vel
857 2048 1114 2097 consanguinei
1140 2060 1262 2083 eorum
1288 2047 1350 2095 qui
1376 2046 1548 2095 elegerint
1573 2046 1714 2094 sepeliri
1739 2047 1835 2094 apud

302 2115 466 2152 ecclesias
483 2115 638 2150 fratrum
661 2112 951 2149 Mendicantium
977 2111 1088 2147 eciam
1113 2114 1281 2158 pretextu
1308 2109 1548 2157 cuiuscunque
1569 2109 1834 2145 consuetudinis

300 2191 374 2215 non
390 2178 531 2227 possint
548 2175 715 2224 compelli
732 2174 869 2211 deferre
895 2186 1041 2222 corpora
1066 2172 1316 2208 defunctorum
1341 2171 1388 2207 ad
1411 2170 1646 2218 parrochiales
1671 2171 1835 2208 ecclesias

301 2246 366 2278 aut
383 2241 454 2277 alia
476 2240 555 2276 loca
572 2243 610 2275 et
628 2250 711 2274 cum
736 2237 809 2273 illis
834 2237 894 2273 vel
922 2236 998 2272 sine
1025 2235 1097 2271 illis
1125 2233 1214 2270 inibi
1238 2233 1362 2269 divina
1385 2233 1560 2269 celebrare
1583 2233 1641 2268 vel
1668 2233 1834 2270 celebrari

298 2304 413 2341 facere
431 2308 516 2340 ante
532 2301 593 2339 vel
609 2305 692 2349 post
709 2299 932 2348 sepulturam
950 2297 1144 2335 eorundem
1160 2295 1453 2344 prohibueritque
1470 2294 1656 2331 ordinariis
1676 2295 1835 2333 locorum

298 2367 366 2404 sub
382 2365 570 2404 interdicti
591 2364 774 2412 ingressus
793 2362 938 2398 ecclesie
965 2366 1002 2397 et
1028 2358 1269 2408 suspensionis
1294 2371 1315 2393 a
1331 2357 1505 2406 regimine
1522 2355 1593 2406 [et]
1611 2357 1836 2395 administra—

298 2430 399 2467 cione
425 2440 572 2465 suarum
598 2425 826 2463 ecclesiarum
844 2438 885 2461 ac
902 2422 1176 2472 parrochialium
1201 2420 1396 2457 rectoribus
1415 2424 1451 2456 et
1468 2420 1546 2456 aliis
1564 2420 1834 2470 quibuscunque

296 2492 363 2530 sub
378 2488 762 2529 excommunicacionis
778 2488 852 2524 late
869 2486 1050 2524 sentencie
1067 2490 1103 2522 et
1118 2483 1333 2534 privacionis
1351 2482 1543 2519 eorundem
1559 2483 1833 2532 parrochialium
