2130 2962
300 223 339 253 78
552 222 766 253 CHARTERs
790 221 841 252 OF
863 222 945 253 THE
967 220 1116 252 FRIARS
1138 219 1381 250 PREAOHERS
1404 219 1455 250 OF
1477 219 1571 249 AYR.

304 357 358 390 53.
387 352 626 400 Resiqnation
660 352 703 401 by
736 352 835 389 John
868 350 1086 394 Maknedar,
1116 348 1193 387 and
1223 346 1375 385 Marion
1404 346 1559 396 Martyn
1589 346 1645 384 his
1674 347 1765 396 wife,
1791 348 1836 396 (ff

451 414 587 452 certain
620 414 873 451 Annualrents
902 413 943 449 in
955 413 1098 461 favour
1123 411 1168 460 of
1186 411 1242 448 the
1271 408 1406 446 Friars
1432 409 1635 447 Preachers
1661 410 1707 458 of
1732 409 1822 459 ΑΨ.

500 477 606 527 [zoth
623 477 832 526 September
853 474 978 524 1515.]

377 579 421 615 In
438 579 507 615 Dei
530 578 674 615 nomine
691 577 808 614 Amen
822 589 829 613 :
857 576 926 612 Per
942 576 1009 612 hoc
1027 587 1171 624 presens
1188 573 1374 622 publicum
1391 573 1673 609 instrumentum
1691 573 1829 610 cunctis

303 647 427 690 pateat
444 642 627 677 evidenter
645 645 682 676 et
699 641 747 676 sit
763 644 890 675 notum
913 638 1009 687 quod
1034 650 1127 673 anno
1153 635 1410 672 incarnacionis
1436 635 1624 672 Dominice
1640 636 1829 673 millesimo

304 704 590 753 quingentesimo
620 696 756 738 decimo
787 701 912 749 quinto
935 700 1067 736 mensis
1092 712 1176 735 vero
1203 697 1422 746 Septembris
1450 698 1508 734 die
1538 699 1709 735 vicesimo
1733 712 1829 735 nono

304 767 501 803 indiccione
527 765 681 801 secunda
697 763 927 812 pontificatus
945 761 1160 798 sanctissimi
1176 761 1215 796 in
1233 760 1348 796 Oristo
1368 761 1482 808 patris
1499 765 1535 797 et
1552 761 1690 797 domini
1715 762 1835 798 nostri

305 829 442 865 domini
458 828 587 864 Leonis
605 839 695 875 pape
713 825 842 862 decimi
860 837 954 861 anno
972 823 1127 860 secundo
1178 823 1223 859 In
1239 823 1311 858 mei
1327 823 1459 858 notarii
1475 823 1609 871 publici
1627 828 1664 860 et
1680 824 1828 861 testium

305 890 611 938 infrascriptorum
627 888 807 936 presentia
824 887 1010 923 constituti
1026 886 1050 922 J
1052 886 1209 922 ohannes
1227 885 1427 921 Maknedar
1442 885 1627 934 burgensis
1653 886 1759 935 burgi
1784 887 1828 923 de

305 953 371 989 Air
387 957 424 988 et
441 952 594 988 Mariota
611 951 780 998 Martyne
798 950 873 985 eius
892 961 1021 996 sponsa
1037 961 1110 984 non
1127 948 1166 984 vi
1183 952 1246 984 aut
1270 953 1372 984 metu
1389 947 1490 984 ducti
1506 960 1571 984 nec
1597 961 1711 984 errore
1736 949 1829 997 lapsi

306 1027 368 1051 seu
386 1014 467 1050 dolo
486 1012 721 1049 circumventi
739 1011 802 1047 sed
820 1011 893 1047 suis
910 1010 1017 1046 meris
1034 1010 1133 1057 puris
1149 1010 1270 1046 liberis
1288 1014 1324 1046 et
1350 1010 1554 1057 spontaneis
1578 1010 1828 1047 voluntatibus

307 1091 328 1113 a
345 1090 382 1113 se
400 1081 436 1112 et
452 1075 641 1111 heredibus
659 1074 732 1109 suis
750 1085 890 1108 sursum
907 1072 1139 1108 reddiderunt
1155 1084 1312 1120 pureque
1326 1084 1367 1107 ac
1380 1071 1589 1119 simpliciter
1601 1072 1829 1121 resignarunt

305 1139 343 1174 in
360 1137 525 1174 manibus
544 1135 695 1184 Georgei
713 1135 826 1184 Inglis
852 1135 959 1170 unius
978 1134 1191 1170 ballivorum
1208 1133 1312 1182 burgi
1330 1133 1374 1169 de
1391 1132 1464 1169 Are
1488 1146 1553 1181 pro
1579 1138 1740 1182 tempore
1766 1148 1830 1183 per

306 1200 412 1236 unius
430 1198 565 1235 denarii
581 1197 813 1233 traditionem
830 1201 872 1233 ut
888 1196 998 1232 moris
1016 1201 1071 1232 est
1089 1196 1329 1245 quadraginta
1345 1195 1509 1232 denarios
1534 1196 1646 1232 annui
1670 1197 1831 1233 redditus

307 1262 493 1298 annuatim
511 1260 664 1297 exeundi
681 1259 852 1296 levandos
870 1264 907 1295 et
923 1259 1168 1307 percipiendos
1186 1259 1231 1295 de
1247 1263 1323 1295 toto
1342 1263 1378 1294 et
1394 1259 1534 1307 integro
1549 1271 1612 1294 suo
1625 1263 1830 1310 tenemento

307 1337 388 1360 cum
404 1322 633 1372 pertinenciis
650 1322 688 1357 in
705 1334 775 1370 quo
792 1322 868 1370 ipse
885 1321 908 1357 J
910 1322 1068 1358 ohannes
1085 1334 1180 1357 nunc
1205 1320 1385 1357 inhabitat
1410 1325 1570 1368 tempore
1598 1321 1831 1358 confectionis

307 1386 413 1421 huius
430 1384 604 1433 presentis
621 1383 852 1419 instrumenti
866 1383 1009 1431 jacente
1026 1383 1120 1419 infra
1137 1383 1290 1431 burgum
1309 1382 1353 1419 de
1370 1383 1455 1418 Aire
1472 1383 1567 1418 inter
1584 1388 1842 1420 tenementum>

307 1447 479 1483 Willelmi
512 1445 667 1494 Hewing
694 1458 737 1481 ex
764 1450 865 1493 parte
893 1445 1056 1481 orientali
1083 1445 1127 1481 ab
1154 1458 1227 1480 una
1254 1449 1290 1481 et
1317 1458 1430 1480 unum
1458 1445 1558 1480 aliud
1584 1449 1831 1482 tenementum

307 1510 418 1558 ipsius
442 1508 616 1544 Johannis
641 1507 855 1555 resignantis
880 1520 925 1543 ex
949 1512 1051 1555 parte
1077 1507 1289 1542 occidentali
1312 1519 1356 1542 ex
1379 1511 1481 1554 parte
1504 1507 1616 1542 altera
1642 1507 1697 1543 Ac
1721 1508 1831 1544 etiam

307 1571 515 1607 immediate
548 1569 644 1604 idem
677 1569 701 1604 J
702 1569 858 1605 ohannes
893 1568 1091 1604 Maknedar
1120 1569 1268 1604 accessit
1301 1568 1348 1604 ad
1375 1581 1480 1604 suum
1507 1569 1658 1604 alterum
1693 1569 1831 1605 dictum

306 1637 552 1669 tenementum
569 1631 608 1666 in
625 1643 695 1678 quo
714 1630 866 1666 Thomas
884 1630 1089 1665 Thomsoun
1106 1643 1203 1665 nunc
1225 1630 1405 1665 inhabitat
1422 1635 1581 1677 tempore
1599 1630 1831 1667 confectionis

309 1696 414 1730 huius
431 1693 606 1741 presentis
623 1691 854 1727 instrumenti
867 1691 989 1739 jacens
1006 1691 1045 1726 in
1061 1691 1222 1738 predicto
1240 1691 1352 1739 burgo
1371 1691 1415 1727 de
1433 1691 1505 1727 Are
1529 1691 1625 1727 inter
1648 1692 1834 1739 prefatum

310 1757 408 1794 aliud
424 1759 671 1792 tenementum
687 1753 799 1801 ipsius
817 1753 841 1788 J
842 1753 991 1788 ohannis
1008 1753 1224 1801 resignantis
1242 1765 1286 1788 ex
1310 1757 1412 1800 parte
1438 1753 1601 1789 orientali
1627 1753 1671 1790 ab
1696 1767 1769 1790 una
1794 1760 1832 1791 et

310 1822 554 1855 tenementum
572 1816 704 1851 Thome
721 1815 849 1863 Layng
867 1828 911 1850 ex
927 1818 1028 1862 parte
1045 1814 1256 1850 occidentali
1272 1814 1435 1861 partibus
1453 1814 1497 1850 ab
1515 1815 1627 1850 altera
1644 1820 1680 1851 et
1696 1816 1832 1852 ibidem

310 1892 450 1917 sursum
467 1878 624 1914 reddidit
640 1889 797 1925 pureque
814 1889 855 1912 ac
872 1876 1080 1924 simpliciter
1097 1889 1118 1912 a
1140 1889 1176 1912 se
1202 1880 1239 1912 et
1265 1875 1453 1912 heredibus
1471 1876 1544 1911 suis
1569 1889 1633 1924 pro
1658 1883 1833 1926 perpetuo

311 1941 507 1991 resignavit
540 1940 628 1975 alios
661 1938 900 1987 quadraginta
934 1939 1095 1975 denarios
1129 1938 1238 1974 annui
1271 1938 1434 1974 redditus
1461 1939 1650 1975 annuatim
1678 1941 1835 1978 exeundi

310 2004 480 2041 levandos
498 2007 535 2038 et
551 2000 797 2050 percipiendos
816 2002 859 2037 de
877 2005 952 2037 toto
971 2005 1007 2037 et
1024 2001 1163 2049 integro
1181 2000 1277 2036 dicto
1290 2005 1495 2036 tenemento
1509 2013 1591 2036 cum
1603 2003 1836 2049 pertinenciis

311 2070 349 2105 in
379 2067 544 2104 manibus
569 2066 658 2102 dicti
684 2064 834 2113 Georgei
858 2063 983 2099 ballivi
1008 2062 1144 2106 Quibus
1170 2061 1470 2111 resignationibus
1494 2062 1600 2099 factis
1626 2069 1663 2100 et
1684 2064 1838 2114 receptis

311 2131 407 2167 idem
436 2129 589 2166 ballivus
614 2132 749 2163 statum
783 2131 820 2162 et
846 2126 1001 2161 sasinam
1030 2137 1167 2161 necnon
1193 2124 1323 2160 realem
1350 2124 1527 2161 actualem
1556 2130 1592 2162 et
1619 2129 1836 2175 corporalem

310 2187 569 2242 possessionem
613 2191 855 2239 predictorum
897 2188 1049 2223 duorum
1097 2199 1297 2223 annuorum
1339 2186 1548 2223 reddituum
1599 2189 1837 2239 quadraginta

312 2255 537 2292 denariorum
568 2257 604 2289 et
634 2251 872 2300 quadraginta
902 2250 1126 2286 denariorum
1152 2249 1395 2284 exeundorum
1427 2248 1662 2286 levandorum
1696 2247 1733 2288 et
1758 2265 1837 2301 per-

312 2317 563 2353 solvendorum
580 2315 625 2350 de
642 2314 729 2350 totis
745 2318 781 2349 et
799 2312 947 2361 integris
963 2311 1110 2360 prefatis
1126 2310 1266 2347 duobus
1283 2312 1498 2347 tenementis
1513 2325 1595 2348 cum
1607 2314 1838 2361 pertinenciis

311 2380 564 2426 circumspecto
581 2377 745 2426 religioso
763 2376 840 2412 viro
858 2375 961 2411 fratri
977 2374 1001 2410 J
1003 2373 1111 2410 acobo
1128 2373 1260 2422 Young
1276 2374 1388 2421 priori
1404 2373 1473 2410 loci
1490 2374 1658 2412 Fratrum
1674 2376 1839 2415 Prediea-

311 2446 429 2478 torum
456 2441 501 2476 de
524 2440 595 2476 Are
630 2444 667 2476 et
698 2437 991 2475 conventualibus
1025 2435 1184 2472 eiusdem
1217 2436 1287 2472 loci
1317 2436 1460 2485 suisque
1490 2439 1749 2476 successoribus
1775 2454 1840 2490 per

311 2503 448 2540 denarii
464 2502 699 2539 tradicionem
716 2506 758 2538 ut
774 2501 881 2537 moris
900 2504 954 2536 est
968 2498 1118 2535 donavit
1130 2498 1394 2548 imperpetuum
1436 2499 1485 2536 Et
1501 2500 1569 2536 hoc
1585 2514 1650 2549 pro
1667 2509 1839 2551 perpetuo
