2130 2962
557 198 778 231 OHARTERS
801 200 853 231 OF
875 201 959 233 THE
980 202 1130 234 FRIARS
1150 204 1393 238 PREACHERS
1416 207 1467 238 OF
1488 207 1583 240 AYR.
1796 211 1836 241 95

301 296 432 340 quarta
456 292 762 342 pontificatusque
780 294 998 331 sanctissimi
1015 295 1053 331 in
1072 296 1213 334 Christo
1230 299 1343 346 patris
1361 305 1397 336 et
1414 300 1551 338 domini
1568 303 1681 339 nostri
1699 303 1837 339 domini

302 353 408 391 Pauli
425 355 551 392 divina
567 356 796 405 providentia
813 356 912 405 Pape
937 358 1033 406 tertij
1063 371 1157 395 anno
1182 361 1336 408 septimo
1356 362 1395 398 in
1412 364 1483 399 mei
1499 364 1627 413 notarij
1648 365 1783 413 publici
1800 370 1837 402 et

300 417 453 454 testium
467 418 752 467 subscriptorum
768 419 948 467 presentia
964 420 1200 467 personaliter
1217 423 1434 460 constitutus
1448 425 1540 468 Quia
1549 426 1700 474 juridice
1712 440 1834 463 secun-

302 479 392 516 dum
422 481 722 517 consuetudinem
756 481 863 529 burgi
888 480 933 517 de
958 481 1044 518 Aire
1069 483 1164 519 ultra
1189 485 1397 521 memoriam
1419 486 1605 524 hominum
1631 489 1835 525 omnimodo

300 541 523 579 laudabilem
540 543 725 592 quoddam
750 548 999 580 tenementum
1017 546 1200 593 quondam
1216 547 1326 583 Alani
1351 548 1515 596 Boyman
1536 550 1659 598 jacens
1684 551 1723 587 in
1740 551 1836 588 dicto

300 603 417 654 burgo
443 605 539 642 inter
563 610 814 642 tenementum
839 606 1022 654 quondam
1047 606 1191 645 Andree
1216 609 1351 658 Legate
1370 611 1415 647 ab
1436 624 1508 647 una
1527 617 1564 648 et
1588 617 1836 650 tenementum

302 666 478 704 Willelmi
494 668 748 705 Williamsoun
766 667 811 704 ab
829 668 941 704 altera
966 669 1129 717 partibus
1154 670 1316 720 legitime
1333 677 1478 709 vastum
1504 673 1720 711 destitutum
1737 680 1774 711 et
1791 676 1838 712 ad

302 729 420 766 solum
445 735 668 778 prostratum
693 729 812 766 fuerat
837 730 1029 778 probatum
1055 732 1152 780 apud
1179 739 1259 770 acta
1284 735 1395 771 trium
1420 736 1599 772 curiarum
1629 738 1837 785 capitalium

304 792 395 829 dicti
420 792 527 841 burgi
551 792 596 829 ob
621 805 696 828 non
722 792 939 829 solutionem
964 798 1045 830 octo
1063 795 1258 832 solidorum
1274 797 1410 833 usualis
1434 804 1577 835 monete
1602 800 1703 848 regni
1721 800 1838 837 Scotie

304 855 416 892 annui
428 855 593 892 redditus
611 856 800 892 annuatim
813 856 928 892 debiti
945 856 989 892 de
1007 857 1132 893 eodem
1146 857 1262 894 Priori
1279 864 1315 895 et
1332 861 1524 896 conventui
1537 861 1703 897 Fratrum
1717 862 1838 898 Predi-

304 922 467 955 catorum
497 917 587 954 dicti
617 917 722 967 burgi
748 918 797 954 Et
827 918 1075 954 adiudicatum
1101 919 1220 956 fuerat
1245 920 1340 957 idem
1366 926 1613 959 tenementum
1638 924 1677 959 in
1712 929 1840 972 quarta

304 981 403 1017 curia
419 985 523 1017 tenta
539 980 579 1016 in
595 980 753 1028 pretorio
770 980 860 1017 dicti
876 980 982 1029 burgi
999 986 1083 1028 post
1107 981 1248 1029 lapsum
1266 983 1503 1032 quadraginta
1520 985 1658 1021 dierum
1675 990 1711 1022 et
1728 986 1836 1022 ulter-

303 1043 360 1079 ius
375 1056 396 1079 a
412 1043 559 1091 publica
575 1042 856 1091 proclamatione
875 1043 1033 1079 eiusdem
1050 1056 1115 1091 per
1132 1056 1171 1079 os
1188 1043 1211 1080 J
1213 1044 1363 1081 ohannis
1380 1045 1473 1094 Boyl
1489 1046 1675 1095 burgensis
1693 1047 1838 1084 sectoris

304 1119 368 1142 seu
381 1105 595 1154 j'udicatoris
618 1105 732 1154 jurati
758 1106 797 1141 in
810 1105 907 1142 dicta
925 1106 1023 1143 curia
1043 1105 1207 1143 debuisse
1231 1107 1445 1144 hereditarie
1465 1108 1591 1144 donari
1615 1122 1678 1157 per
1703 1114 1837 1146 statum

304 1173 342 1205 et
359 1168 529 1204 saisinam
551 1168 735 1216 premissis
753 1181 798 1204 ex
816 1168 932 1204 causis
950 1168 1056 1204 dictis
1073 1169 1183 1216 priori
1200 1174 1237 1205 et
1254 1170 1446 1206 conventui
1471 1170 1734 1218 imperpetuum
1752 1171 1838 1209 Ideo

304 1231 471 1267 omnibus
489 1235 526 1267 et
543 1230 696 1279 singulis
713 1230 920 1266 huiusmodi
936 1231 1005 1267 rite
1021 1231 1170 1279 prolatis
1188 1236 1224 1267 et
1241 1231 1362 1267 debite
1387 1236 1430 1267 ut
1446 1232 1670 1279 premittitur
1685 1233 1837 1280 peractis

302 1294 487 1343 premissis
505 1293 622 1329 causis
640 1298 677 1329 et
694 1293 773 1329 aliis
787 1293 980 1342 exigenciis
998 1294 1086 1329 satis
1104 1294 1269 1342 congruis
1286 1298 1476 1341 postquam
1494 1293 1590 1329 dicta
1608 1294 1704 1330 curia
1720 1294 1838 1331 fuerat

304 1357 482 1393 dissoluta
506 1355 642 1404 probus
670 1356 726 1391 vir
757 1355 961 1404 Stephanus
989 1355 1166 1392 Prestoun
1192 1368 1284 1391 unus
1309 1355 1523 1391 ballivorum
1549 1356 1637 1392 dicti
1662 1356 1767 1405 burgi
1792 1357 1837 1394 de

303 1419 390 1455 Aire
409 1432 475 1467 pro
492 1423 655 1466 tempore
681 1422 818 1454 statum
841 1422 878 1454 et
904 1418 1073 1454 saisinam
1097 1417 1349 1454 hereditariam
1374 1430 1414 1453 ac
1439 1418 1693 1465 possessionem
1719 1431 1838 1467 corpo-

302 1481 415 1518 ralem
437 1481 618 1517 actualem
637 1485 673 1517 et
689 1479 822 1516 realem
838 1480 951 1516 totius
970 1485 1006 1516 et
1026 1480 1158 1529 integri
1176 1479 1348 1516 antedicti
1366 1480 1561 1515 tenementi
1573 1485 1650 1515 tam
1666 1481 1704 1516 in
1721 1480 1839 1518 fronte

304 1557 413 1593 quam
446 1544 487 1579 in
512 1542 627 1580 cauda
653 1555 736 1578 cum
769 1541 997 1590 pertinentiis
1022 1541 1125 1577 fratri
1158 1541 1182 1577 J
1184 1541 1316 1577 ohanni
1343 1541 1499 1577 Litstare
1523 1541 1633 1589 priori
1659 1542 1838 1579 dictorum

300 1607 456 1643 fratrum
473 1606 617 1654 petenti
630 1604 810 1653 judicium
828 1617 935 1652 super
952 1604 1077 1640 eodem
1094 1604 1239 1640 nomine
1256 1604 1370 1640 totius
1388 1608 1585 1639 conventus
1603 1604 1690 1639 dicti
1706 1604 1776 1640 loci
1793 1604 1839 1641 ad

302 1674 514 1718 perpetuam
547 1667 836 1716 permanentiam
866 1680 949 1702 cum
975 1666 1081 1702 dictis
1105 1666 1221 1715 priore
1248 1671 1284 1702 et
1309 1670 1490 1702 conventu
1515 1678 1556 1701 ac
1581 1665 1838 1702 successoribus

304 1732 378 1768 suis
393 1737 570 1780 tanquam
586 1729 849 1779 patrimonium
866 1728 936 1764 loci
955 1728 1149 1764 eorundem
1166 1740 1230 1776 per
1246 1733 1339 1763 terre
1357 1732 1394 1763 et
1410 1727 1541 1775 lapidis
1559 1728 1716 1764 eiusdem
1732 1728 1839 1765 fundi

302 1794 538 1830 traditionem
554 1797 598 1828 ut
615 1791 724 1828 moris
742 1796 797 1827 est
814 1790 917 1827 dedit
934 1795 971 1827 et
988 1790 1200 1826 deliberavit
1221 1790 1486 1838 imperpetuum
1503 1789 1602 1825 saluo
1624 1790 1705 1838 jure
1722 1791 1838 1826 cuius-

302 1856 392 1892 libet
410 1855 526 1904 Super
549 1854 680 1903 quibus
698 1866 784 1889 Vero
811 1853 977 1889 omnibus
1003 1857 1040 1888 et
1057 1852 1206 1901 singulis
1224 1852 1274 1887 sic
1291 1851 1470 1899 premissis
1488 1851 1606 1887 dictus
1622 1852 1719 1899 prior
1735 1864 1757 1888 a
1780 1865 1838 1889 me

303 1918 444 1955 notario
461 1917 608 1966 publico
626 1916 828 1964 subscripto
849 1915 957 1963 petiit
981 1915 1263 1950 instrumentum
1280 1926 1393 1949 unum
1411 1918 1474 1949 aut
1499 1913 1602 1962 plura
1618 1913 1711 1949 Acta
1737 1918 1838 1950 erant

302 1981 368 2018 hec
385 1993 493 2029 super
506 1979 623 2016 solum
641 1978 731 2015 dicti
748 1977 947 2014 tenementi
964 1977 1052 2013 hora
1069 1980 1199 2024 quarta
1214 1980 1298 2024 post
1315 1975 1499 2011 meridiem
1515 1975 1574 2011 vel
1591 1987 1633 2011 ea
1650 1975 1740 2011 circa
1756 1987 1835 2023 pre-

302 2043 465 2081 sentibus
494 2042 631 2079 ibidem
665 2041 689 2077 J
690 2041 831 2077 ohanne
865 2039 1065 2087 Dalrimple
1098 2038 1235 2073 Thoma
1268 2037 1449 2085 Kennedy
1481 2037 1505 2073 J
1506 2037 1645 2073 ohanne
1678 2037 1837 2074 Kessane

301 2107 326 2143 J
327 2107 469 2144 ohanne
494 2104 679 2152 Kennedy
696 2108 733 2139 et
750 2102 931 2139 Willelmo
950 2100 1145 2138 Cauldwell
1166 2112 1247 2135 cum
1265 2099 1416 2135 diversis
1434 2099 1512 2135 aliis
1529 2098 1680 2135 testibus
1698 2099 1743 2135 ad
1760 2111 1837 2147 pre-

301 2170 411 2206 missa
427 2168 566 2205 vocatis
584 2166 719 2215 pariter
736 2169 773 2202 et
790 2164 934 2213 rogatis.

377 2282 427 2319 Et
444 2293 511 2330 ego
529 2291 615 2315 vero
643 2277 821 2314 Hem-icus
846 2276 1026 2313 Prestoun
1051 2273 1198 2310 clericus
1224 2272 1454 2322 Glasguensis
1471 2273 1620 2310 diocesis
1641 2286 1738 2311 sacra
1755 2287 1838 2312 auc-

450 2343 599 2381 toritate
617 2339 814 2390 apostolica
830 2339 992 2376 notarius
1005 2336 1181 2387 publicus,
1196 2340 1261 2372 etc.
