2130 2962
533 197 752 229 GHARTERS
777 197 829 229 OF
851 197 936 228 THE
957 197 1106 228 FRIARs
1128 198 1370 230 PREAOHERS
1394 199 1445 230 OF
1466 200 1559 231 AYR.
1773 203 1812 232 29

273 295 329 332 1116
358 295 441 340 seal,
468 294 536 332 but
552 295 692 344 willing
708 295 772 331 the
790 294 909 344 signet
926 298 965 330 to
982 293 1027 330 be
1045 294 1085 330 of
1099 294 1204 342 equal
1221 294 1316 331 force
1333 295 1423 332 with
1443 295 1505 332 the
1530 296 1612 341 seal,
1640 301 1677 332 at
1702 296 1813 332 Edin—

275 356 404 406 burgh,
425 356 490 394 5th
508 356 654 406 August
673 359 778 392 1386.

321 511 376 545 20.
405 507 563 555 Precept
582 506 626 555 by
644 507 787 550 Robert,
806 505 904 542 Earz
919 506 958 553 ‹y‘
971 506 1067 555 Fffe,
1087 512 1120 543 to
1139 507 1194 543 the
1212 507 1343 556 Buryh
1359 508 1404 557 of
1412 508 1504 557 ΑΨ,
1511 509 1580 557 for
1591 516 1768 557 payment

417 569 462 618 of
470 568 669 606 Annuities
685 568 757 606 due
775 575 808 605 to
827 568 883 605 the
901 568 1035 605 Friars
1052 568 1421 619 Preachers.—[lssth
1438 570 1531 619 May
1550 570 1675 620 1387]

353 670 532 707 Robcrtus
551 670 679 707 Comes
697 670 742 706 de
759 670 835 718 Fyf
849 675 885 707 et
903 670 1091 707 Mentethe
1109 671 1321 708 camerarius
1340 671 1460 708 860616
1476 673 1656 721 preposito
1673 672 1815 710 ballivis

279 741 315 772 et
345 734 597 772 communitati
627 733 734 782 burgi
764 733 810 769 de
839 733 913 770 Are
944 734 1098 770 salutem
1149 735 1243 777 Quia
1268 748 1332 783 per
1358 735 1620 783 inspeccionem
1637 741 1815 773 cartarum

279 797 462 846 quondam
480 796 572 833 bone
590 796 761 832 memorie
778 796 977 832 Alexandri
1002 796 1152 833 Roberti
1168 797 1290 833 David
1307 802 1343 833 et
1360 797 1506 834 Roberti
1522 811 1617 834 nunc
1634 800 1817 847 regnantis

278 873 405 909 regum
419 859 540 896 Scocie
554 858 750 894 illustrium
763 858 803 894 in
816 858 998 895 Scaccario
1016 859 1112 907 apud
1129 859 1354 908 Edynburgh
1370 864 1472 896 tento
1490 868 1591 897 sexto
1605 861 1740 897 decimo
1759 862 1816 898 die

280 922 412 958 mensis
438 921 540 969 Mayi
559 933 653 956 anno
679 920 829 957 Domini
856 928 908 956 10ο
927 928 1028 957 6661110
1046 921 1178 957 lxxxmo
1197 922 1350 970 septimo
1368 935 1486 958 coram
1503 923 1605 959 nobis
1624 927 1660 959 et
1677 936 1817 972 compo—

280 990 400 1021 torum
434 983 661 1020 auditoribus
696 983 940 1019 exhibitarum
974 983 1105 1032 quibus
1139 984 1304 1032 perlectis
1338 997 1379 1020 ac
1412 985 1539 1021 rotulis
1573 991 1817 1034 compotorum

282 1047 430 1084 diversis
465 1046 658 1094 diligenter
699 1046 871 1094 inspectis
913 1051 1056 1082 matura
1098 1046 1354 1082 deliberacione
1386 1046 1509 1082 habita
1541 1060 1604 1095 per
1637 1048 1818 1084 auditores

282 1110 460 1146 dictorum
486 1113 735 1157 compotorum
760 1108 831 1144 fuit
856 1108 1076 1144 declaratum
1103 1113 1139 1144 et
1164 1108 1209 1144 de
1235 1121 1380 1144 assensu
1406 1109 1566 1144 omnium
1592 1109 1817 1146 dominorum

281 1172 416 1209 ibidem
445 1171 685 1208 existencium
711 1183 776 1218 pro
801 1170 986 1218 perpetuis
1010 1170 1231 1218 temporibus
1257 1170 1389 1206 futuris
1416 1170 1693 1207 determinatum
1721 1173 1818 1220 quod

282 1235 438 1284 religiosi
460 1234 532 1270 viri
560 1233 704 1269 Fratres
734 1232 980 1269 Predicatores
1006 1232 1052 1268 de
1077 1232 1149 1268 Are
1175 1245 1196 1268 a
1220 1237 1381 1280 ternpore
1405 1233 1517 1280 prime
1534 1233 1729 1269 dotacionis
1754 1247 1818 1271 sue

284 1298 427 1334 ecclesie
444 1310 485 1333 ac
504 1295 732 1333 fundacionis
759 1307 821 1330 sue
848 1294 976 1330 domus
1000 1307 1064 1342 pre
1090 1294 1255 1330 omnibus
1281 1294 1361 1342 alijs
1386 1307 1458 1330 non
1484 1295 1647 1332 obstante
1673 1296 1816 1344 quibus-

285 1372 424 1408 cunque
438 1358 697 1396 donacionibus
710 1356 845 1405 viginti
856 1356 965 1393 libras
983 1356 1235 1405 sterlingorum
1254 1357 1439 1392 annuatim
1456 1357 1502 1393 ad
1519 1359 1817 1395 sustentacionem

286 1427 322 1458 et
354 1422 620 1470 reparacionem
653 1420 749 1456 dicte
787 1433 849 1456 sue
884 1420 1028 1456 ecclesie
1070 1433 1111 1455 ac
1145 1420 1271 1455 domus
1306 1420 1350 1455 de
1391 1420 1515 1468 primis
1553 1420 1708 1468 denarijs
1742 1422 1818 1458 sive

286 1483 479 1519 denariatis
508 1483 625 1519 tocius
651 1482 771 1518 exitus
801 1482 891 1518 dicti
915 1481 1022 1530 burgi
1046 1481 1160 1517 vestri
1184 1481 1364 1528 percipere
1394 1487 1654 1518 consueverunt
1679 1487 1715 1518 et
1739 1496 1818 1531 per-

286 1551 456 1595 ceperunt
473 1558 613 1582 necnon
630 1545 764 1593 viginti
777 1556 891 1580 unum
904 1542 1036 1579 solidos
1053 1542 1165 1578 annui
1177 1542 1339 1578 redditus
1357 1542 1401 1578 (16
1418 1542 1564 1579 baronia
1582 1543 1626 1579 de
1645 1543 1819 1593 Awilway

285 1621 367 1645 6010
379 1607 611 1656 pertinencijs
629 1606 676 1642 ad
693 1605 865 1642 terminos
883 1609 1071 1640 consuetos
1084 1604 1198 1640 Vobis
1215 1609 1251 1640 et
1269 1609 1428 1640 vestrum
1445 1604 1591 1641 cuilibet
1608 1606 1819 1643 auctoritate

285 1684 356 1720 qua
368 1671 553 1720 fungimur
567 1670 690 1706 stricte
707 1667 937 1717 precipiendo
954 1666 1167 1702 mandamus
1185 1666 1354 1714 quatinus
1367 1666 1411 1702 (16
1428 1667 1553 1714 primis
1571 1667 1726 1716 denarijs
1743 1669 1819 1705 sive

285 1733 477 1769 denariatis
506 1732 623 1768 tocius
654 1731 772 1767 exitus
807 1729 896 1766 dicti
921 1729 1027 1777 burgi
1056 1728 1167 1764 vestri
1193 1728 1256 1775 qui
1285 1728 1400 1775 primo
1426 1728 1538 1764 levari
1566 1734 1736 1777 poterunt
1762 1731 1820 1767 vel

286 1795 456 1831 deberent
485 1794 666 1842 predictas
692 1792 827 1842 viginti
856 1791 966 1827 libras
992 1803 1065 1826 una
1090 1803 1172 1826 cum
1202 1790 1300 1826 dicto
1330 1803 1448 1826 annuo
1477 1791 1622 1827 redditu
1651 1793 1820 1840 predictis

284 1857 455 1893 :fratribus
474 1857 519 1893 de
539 1856 705 1892 terminis
724 1855 902 1891 consuetis
927 1858 1003 1889 tam
1021 1853 1209 1889 transactis
1228 1865 1336 1900 quam
1352 1852 1482 1889 futuris
1500 1854 1648 1902 singuh‘s
1665 1856 1767 1891 annis
1785 1861 1821 1892 et

287 1921 363 1956 sine
389 1919 600 1956 difficultate
625 1918 746 1966 aliqua
768 1916 992 1965 integraliter
1016 1915 1228 1963 persolvatis
1256 1914 1315 1950 vel
1341 1915 1468 1950 saltem
1496 1921 1671 1963 quantum
1698 1930 1819 1954 omnes

288 1983 405 2019 exitus
427 1981 516 2018 dicti
541 1981 648 2029 burgi
674 1979 820 2016 extendi
845 1982 1015 2027 poterunt
1040 1976 1294 2029 quousquepde
1319 1989 1458 2012 summa
1474 1977 1588 2013 tocius
1615 1979 1731 2014 exitus
1756 1980 1821 2028 eijs

285 2044 443 2093 plenarie
469 2043 578 2079 fuerit
604 2042 831 2079 satisfactum
847 2053 960 2089 usque
977 2039 1023 2076 ad
1045 2052 1221 2075 summam
1247 2038 1291 2074 de
1315 2039 1448 2087 Viginti
1472 2039 1579 2075 libras
1605 2040 1693 2076 dicti
1717 2041 1822 2090 burgi

288 2112 326 2144 613
343 2106 477 2155 viginti
493 2118 608 2141 unum
625 2104 822 2140 solidorum
840 2104 935 2139 dicte
952 2101 1097 2138 baronie
1124 2100 1173 2136 Et
1189 2100 1255 2136 1106
1273 2100 1339 2136 6010
1356 2113 1449 2148 pena
1466 2102 1625 2137 omnium
1647 2114 1715 2149 que
1739 2116 1821 2152 erga

289 2169 478 2206 dominum
494 2171 659 2203 nostrum
675 2179 795 2215 regem
813 2171 849 2202 et
866 2178 932 2201 nos
950 2164 1115 2200 amittere
1138 2162 1301 2210 poteritis
1326 2162 1425 2197 nullo
1443 2162 1549 2198 modo
1568 2163 1740 2200 omittatis
1766 2165 1821 2201 De

288 2245 359 2281 qua
376 2231 479 2267 Vobis
497 2229 747 2265 allocacionem
764 2229 935 2265 faciemus
948 2227 987 2262 in
1004 2225 1132 2262 vestris
1154 2224 1327 2272 compotis
1353 2224 1481 2260 annuis
1505 2224 1608 2260 nobis
1633 2226 1823 2263 reddendis

288 2295 383 2331 sicut
407 2291 631 2340 temporibus
657 2291 815 2339 antiquis
842 2290 1008 2327 allocacio
1035 2288 1113 2324 fieri
1138 2287 1275 2323 solebat
1292 2286 1336 2322 de
1354 2286 1477 2322 eadem
1493 2299 1557 2334 per
1581 2292 1719 2324 nostros
1744 2301 1822 2337 pre-

289 2358 489 2394 decessores
508 2354 725 2390 camerarios.
781 2353 825 2389 In
851 2353 952 2389 cuius
969 2352 1021 2388 rei
1038 2349 1284 2387 testimonium
1309 2348 1533 2396 presentibus
1550 2349 1652 2386 vobis
1673 2352 1824 2388 ostensis

288 2426 324 2457 et
340 2432 451 2468 penes
468 2417 649 2466 predictos
667 2416 794 2452 fratres
811 2414 1028 2453 remansuris
1055 2412 1213 2462 sigillum
1230 2416 1392 2447 nostrum
1413 2410 1562 2448 fecimus
1580 2413 1712 2461 apponi
1730 2427 1823 2451 anno

290 2483 348 2519 die
366 2487 403 2519 et
419 2482 497 2518 loco
515 2479 739 2528 supradictis.
