2130 2962
561 194 779 226 CHARTERS
802 194 854 225 OF
876 194 959 225 THE
982 194 1132 225 FRIARS
1154 194 1398 226 PREAOHERS
1421 195 1473 226 OF
1494 195 1588 226 AYR.
1821 195 1837 225 7

304 315 335 351 7.
368 311 633 361 Confirmation
650 313 695 362 by
711 311 814 360 Kiny
830 310 960 348 David
976 311 1030 349 II.
1050 311 1095 360 of
1112 310 1268 349 Charter
1286 311 1331 361 by
1347 311 1451 360 King)
1467 311 1602 349 Robert
1628 312 1684 349 the
1701 312 1835 358 Bruce,

369 375 415 424 qf
424 376 504 413 „³320
522 375 651 424 yearly
669 383 703 413 to
721 375 778 413 the
796 373 931 412 Friars
947 374 1152 412 Preachers
1169 375 1215 424 qs
1222 374 1472 425 Ayr,—[30th
1489 374 1585 412 June
1605 378 1665 411 150
1682 374 1771 425 An.]

379 476 503 513 David
520 476 590 512 Dei
606 475 725 525 gracia
742 475 820 511 Rex
837 474 1042 512 Scottorum
1061 475 1236 512 Omnibus
1253 475 1374 524 probis
1391 475 1596 512 hominibus
1613 476 1727 512 tocius
1743 481 1836 513 terre

305 551 368 575 sue
386 538 522 575 clericis
540 542 576 575 et
593 537 705 586 laycis
723 537 876 573 salutem
928 537 1057 575 Sciatis
1074 551 1139 574 nos
1155 538 1352 587 inspexisse
1370 550 1410 574 ac
1427 538 1601 574 veraciter
1616 538 1836 575 intellexisse

305 605 443 637 cartam
460 600 552 637 clare
569 600 737 636 memorie
755 599 893 636 domini
910 600 1149 649 progenitoris
1166 601 1280 637 nostri
1296 613 1369 636 non
1386 599 1558 636 abolitam
1574 613 1648 636 non
1665 601 1835 638 cancella-

304 668 381 699 tam
411 676 476 700 nec
502 663 541 699 in
569 663 688 711 aliqua
719 662 775 698 sui
803 667 907 711 parte
931 663 1101 700 viciatam
1127 664 1166 699 in
1190 663 1256 699 hec
1281 662 1390 699 verba
1419 662 1597 699 Robertus
1622 662 1693 699 Dei
1717 664 1835 712 gracia

304 739 367 762 rex
385 725 589 762 Scottorum
615 724 780 761 omnibus
805 725 925 773 probis
948 725 1155 762 hominibus
1176 725 1292 762 tocius
1316 730 1409 761 terre
1437 738 1500 761 sue
1526 725 1679 761 salutem
1707 725 1835 762 Sciatis
1868 730 1871 736 '

304 800 369 823 nos
385 800 450 835 pro
468 787 583 824 salute
606 787 724 823 anime
751 792 873 824 nostre
900 793 937 824 et
962 800 1028 836 pro
1055 788 1171 824 salute
1198 788 1397 824 animarum
1424 792 1685 823 antecessorum
1703 792 1739 824 et
1756 800 1834 825 suc-

304 862 482 886 cessorum
495 855 698 886 nostrorum
715 862 842 899 regum
860 849 980 886 860616
997 849 1137 886 dedisse
1155 849 1366 886 concessisse
1384 854 1421 886 et
1437 862 1501 898 per
1516 855 1697 898 presentes
1714 850 1835 886 literas

304 917 443 948 nostras
462 911 690 948 confirmasse
703 912 877 960 religiosis
894 912 982 948 viris
999 911 1114 948 Priori
1131 916 1168 948 et
1185 911 1379 947 conventui
1399 911 1549 947 fratrum
1569 911 1835 948 Predicatorum

304 974 350 1011 de
366 974 439 1011 Are
456 975 590 1023 viginti
606 974 714 1010 libras
732 974 985 1022 sterlingorum
1002 973 1047 1009 de
1065 973 1258 1009 elemosina
1274 977 1396 1009 nostra
1413 973 1557 1021 speciali
1573 986 1637 1021 pro
1657 978 1833 1010 sustenta-

304 1038 407 1074 cione
433 1037 578 1074 ecclesie
604 1041 641 1073 et
666 1036 855 1072 domorum
885 1047 1030 1071 suarum
1060 1035 1304 1083 percipiendas
1334 1034 1403 1070 sibi
1430 1035 1616 1070 annuatim
1639 1035 1684 1071 de
1708 1036 1833 1083 primis

304 1099 418 1136 firmis
443 1098 733 1136 molendinorum
749 1102 951 1133 nostrorum
969 1101 1006 1132 et
1030 1096 1136 1144 burgi
1161 1096 1277 1131 nostri
1302 1096 1347 1132 de
1363 1096 1435 1132 Are
1453 1096 1499 1132 ad
1515 1097 1686 1132 terminos
1703 1097 1833 1134 Pente-

306 1167 422 1197 costes
441 1166 477 1198 et
494 1161 611 1197 sancti
633 1159 784 1196 Martini
800 1159 839 1194 in
856 1159 984 1206 hyeme
1010 1170 1075 1205 pro
1094 1157 1210 1205 equali
1226 1158 1392 1205 porcione
1408 1170 1472 1205 per
1487 1170 1615 1193 manus
1641 1158 1830 1208 Camerarij

306 1223 420 1259 nostri
454 1222 575 1259 Scocie
608 1226 645 1258 et
677 1221 925 1256 ministrorum
959 1232 1104 1255 suorum
1138 1219 1201 1267 qui
1233 1232 1299 1267 pro
1332 1224 1492 1267 tempore
1525 1219 1659 1256 fuerint
1700 1221 1833 1269 absque

307 1285 428 1333 aliqua
445 1283 728 1320 contradictione
779 1282 824 1318 In
841 1282 940 1318 cuius
957 1281 1009 1316 rei
1025 1281 1271 1317 testimonium
1289 1280 1353 1317 has
1369 1281 1491 1317 literas
1507 1286 1645 1317 nostras
1661 1287 1833 1329 perpetuo

307 1347 498 1383 duraturas
524 1346 594 1382 sibi
621 1345 700 1381 fieri
725 1344 874 1380 fecimus
900 1348 1067 1391 patentes
1094 1343 1191 1390 apud
1220 1342 1363 1379 Gervan
1391 1343 1430 1378 in
1460 1342 1617 1390 Oarrych
1646 1348 1747 1379 sexto
1774 1343 1833 1380 die

307 1408 490 1456 Februarij
507 1420 600 1444 anno
613 1406 716 1455 regni
727 1405 842 1442 nostri
858 1405 1026 1440 vicesimo
1043 1404 1153 1440 tercio
1171 1403 1287 1446 Quam
1298 1403 1444 1452 quidem
1461 1408 1596 1439 cartam
1613 1404 1652 1439 in
1669 1404 1833 1441 omnibus

306 1471 452 1519 punctis
470 1469 629 1506 articulis
647 1467 915 1505 condicionibus
934 1471 971 1502 et
988 1465 1267 1513 circumstancijs
1284 1466 1357 1501 suis
1373 1465 1488 1501 forma
1503 1466 1638 1513 pariter
1654 1470 1691 1501 et
1704 1466 1832 1503 effectu

306 1546 372 1569 nos
389 1532 511 1568 divine
530 1531 689 1567 caritatis
705 1529 843 1565 intuitu
861 1533 898 1564 et
913 1541 978 1576 pro
996 1528 1111 1563 salute
1132 1527 1250 1562 anime
1274 1531 1394 1562 nostre
1412 1539 1452 1563 ac
1468 1539 1533 1574 pro
1559 1527 1672 1563 salute
1698 1528 1832 1564 anima—

305 1607 387 1630 rum
417 1599 680 1629 antecessorum
710 1596 747 1627 et
776 1602 1017 1627 successorum
1047 1593 1251 1625 nostrorum
1280 1588 1419 1636 Regum
1446 1588 1567 1625 Scocie
1596 1589 1832 1636 approbamus

303 1656 524 1692 ratificamus
538 1655 628 1691 acin
640 1666 768 1701 puram
781 1657 818 1689 et
833 1656 1043 1700 perpetuam
1061 1650 1290 1686 elemosinam
1304 1649 1553 1686 confirmamus
1603 1650 1648 1686 In
1665 1651 1764 1687 cuius
1781 1652 1833 1687 rei

304 1717 553 1754 testimonium
569 1715 726 1764 presenti
744 1719 840 1750 carte
857 1717 977 1749 nostre
994 1712 1153 1760 sigillum
1170 1716 1334 1747 nostrum
1350 1712 1573 1759 precepimus
1587 1713 1719 1760 apponi
1731 1714 1832 1749 testi-

303 1780 371 1817 bus
401 1779 556 1816 Roberto
583 1777 783 1814 Senescallo
805 1775 925 1812 Scocie
950 1779 1080 1822 nepote
1105 1778 1227 1809 nostro
1252 1773 1439 1809 karissimo
1464 1773 1489 1809 J
1490 1773 1629 1810 ohanne
1651 1774 1834 1823 Ranulphi

304 1842 434 1879 comite
464 1840 626 1877 Moravie
655 1839 800 1875 domino
827 1837 932 1874 vallis
965 1836 1132 1872 Anandie
1165 1840 1203 1871 et
1235 1835 1382 1871 Mannie
1416 1836 1678 1884 consanguineo
1711 1842 1832 1874 nostro

304 1904 496 1940 Malcolmo
523 1902 701 1950 Flemyng
721 1900 858 1936 Thoma
875 1899 919 1934 de
947 1896 1124 1934 Garnoto1
1147 1896 1364 1933 Cancellario
1391 1901 1513 1932 nostro
1531 1902 1568 1933 et
1592 1897 1760 1946 Philippo
1787 1899 1832 1935 (16

304 1965 483 2002 Μ61(11·0111
500 1963 677 2000 militibus
727 1961 839 2010 Apud
854 1960 980 1997 villam
997 1959 1042 1995 (16
1059 1959 1132 1995 Are
1148 1958 1276 1994 ultimo
1295 1958 1353 1995 die
1369 1958 1393 1994 J
1394 1958 1468 2006 unij
1490 1971 1583 1995 anno
1599 1960 1701 2008 regni
1718 1961 1832 1996 nostri

305 2028 431 2076 quinto
449 2027 597 2063 decimo.

970 2083 1171 2119 ABSTRAOT.

379 2174 637 2211 Confirmation
650 2173 700 2221 by
713 2172 834 2209 David
851 2171 914 2208 the
932 2170 1082 2214 Second,
1099 2169 1200 2217 King
1217 2168 1256 2204 of
1271 2167 1382 2213 Seots,
1397 2168 1511 2204 under
1526 2168 1590 2204 the
1609 2168 1719 2205 Great
1736 2169 1827 2216 Seal,

304 2238 345 2274 of
365 2237 428 2274 the
445 2237 585 2273 charter
601 2235 751 2285 granted
768 2235 818 2284 by
835 2235 935 2283 King
952 2233 1088 2270 Robert
1103 2232 1166 2268 the
1183 2231 1297 2267 Bruce
1315 2234 1353 2266 to
1370 2230 1433 2267 the
1457 2231 1554 2278 prior
1579 2231 1651 2266 and
1677 2238 1830 2269 convent

303 2300 344 2337 of
360 2300 423 2336 the
440 2299 559 2335 Friars
576 2297 766 2334 Preachers
784 2297 824 2333 of
837 2296 925 2344 Ayr,
946 2295 985 2331 of
999 2297 1077 2333 4820
1096 2293 1136 2330 of
1150 2292 1319 2340 sterlings
1336 2292 1471 2340 yearly,
1490 2292 1583 2328 from
1599 2292 1661 2329 the
1678 2299 1776 2331 rents
1793 2295 1833 2331 of

302 2363 366 2399 the
383 2361 479 2397 mills
498 2360 538 2397 of
556 2360 619 2396 the
635 2359 752 2408 burgh
769 2359 809 2395 of
822 2358 910 2407 Ayr,
929 2358 969 2393 in
986 2355 1118 2405 special
1142 2355 1241 2399 almS‚
1264 2354 1320 2390 for
1335 2354 1399 2390 the
1416 2354 1494 2390 soul
1512 2354 1552 2390 of
1575 2354 1637 2391 the
1653 2355 1752 2405 king,
1771 2356 1827 2394 his

361 2448 372 2466 ¹
393 2450 437 2478 Sir
450 2449 567 2477 Thomas
581 2447 706 2476 Oharters
719 2456 774 2475 was
787 2446 865 2474 made
879 2445 1040 2473 011111166Πο1-
1053 2445 1083 2470 in
1100 2445 1184 2477 1342,
1199 2442 1254 2469 and
1267 2442 1330 2469 died
1347 2442 1378 2469 in
1394 2442 1479 2470 1347.
1522 2442 1677 2471 Oraufurd's
1693 2445 1788 2479 Officers
1802 2446 1833 2481 of

301 2499 380 2533 State,
393 2506 420 2533 p.
439 2499 484 2524 19.
