2130 2962
296 216 313 244 8
545 212 761 244 CHARTERS
785 213 836 243 OF
859 212 943 243 THE
964 210 1115 243 FRIARS
1137 209 1383 241 PREAGHERS
1408 208 1460 240 OF
1482 207 1576 239 AYR.

295 311 475 343 ancestors
493 307 564 344 and
590 320 797 351 successors,
817 306 888 342 and
905 306 961 342 for
982 306 1234 342 maintenance
1261 304 1301 340 of
1323 303 1386 339 the
1412 302 1546 338 church
1571 301 1644 337 and
1670 301 1782 337 house
1800 300 1841 337 of

295 368 359 404 the
376 368 453 405 said
469 369 581 405 friars.
635 369 737 418 King
754 368 874 405 David
899 381 1035 405 renews
1052 368 1115 404 the
1132 372 1240 416 grant
1257 367 1295 403 in
1322 365 1459 402 similar
1483 370 1605 401 terms.
1660 363 1782 400 Dated
1799 369 1838 400 at

296 430 359 467 the
376 436 475 467 town
492 431 532 468 of
545 432 631 480 Ayr,
650 432 740 468 30th
757 431 863 475 June,
882 431 921 467 in
937 431 1001 468 the
1018 430 1186 467 fifteenth
1203 443 1289 479 year
1307 429 1347 465 of
1360 428 1416 465 his
1433 428 1546 477 reign.

301 595 332 628 8.
366 590 523 629 Charter
541 591 585 640 by
601 591 787 637 Malcolm,
806 592 904 629 Earl
920 592 968 641 of
984 591 1137 640 Wiqton,
1155 598 1191 628 to
1215 592 1271 628 the
1291 590 1427 628 Friars
1447 590 1654 627 Preackers
1679 589 1726 639 qf
1741 588 1837 638 ΑΨ,

495 654 539 702 of
547 653 616 691 Sim
632 654 755 692 Merks
771 655 897 703 yearly
915 661 975 692 out
993 655 1038 704 qs
1046 654 1102 692 his
1119 653 1389 703 cqffers.—[6th
1406 653 1500 702 July
1520 651 1645 702 1344]

373 755 560 792 Universis
603 755 736 791 Christi
778 755 942 791 fidelibus
975 760 1159 803 presentes
1200 755 1324 791 literas
1361 754 1577 803 inspecturis
1622 752 1839 789 Malcolmus

299 817 328 853 F
329 818 475 867 lemyng
492 830 608 854 comes
625 817 795 866 Wigtone
814 817 967 853 salutem
983 818 1021 853 in
1039 817 1185 853 domino
1199 817 1382 854 Noveritis
1395 830 1454 853 me
1467 816 1609 853 dedisse
1623 816 1838 852 concessisse

299 885 336 915 et
352 880 419 916 hoc
444 880 601 927 presenti
618 879 750 927 scripto
775 880 1029 928 inperpetuum
1055 879 1283 916 confirmasse
1309 878 1482 915 fratribus
1505 878 1642 915 ordinis
1669 878 1836 914 Predica-

298 946 417 977 torum
441 942 568 977 domus
593 941 696 977 beate
720 940 894 976 Katerine
923 941 967 977 de
995 940 1068 979 Are
1097 941 1323 989 presentibus
1350 946 1387 977 et
1413 941 1548 977 futuris
1575 941 1615 976 in
1642 953 1773 989 puram
1801 945 1839 977 et

297 1008 508 1051 perpetuam
522 1003 752 1039 elemosinam
764 1015 829 1050 pro
844 1002 1068 1038 exhibicione
1081 1002 1189 1038 unius
1206 1002 1327 1038 fratris
1348 1002 1544 1038 sacerdotis
1557 1002 1774 1038 celebrantis
1799 1002 1839 1038 in

298 1064 431 1112 capella
454 1064 630 1100 dictorum
655 1064 807 1100 fratrum
832 1077 897 1112 per
922 1076 980 1100 me
1007 1069 1211 1100 constructa
1236 1077 1301 1112 pro
1328 1064 1449 1100 anima
1474 1077 1555 1100 mea
1581 1070 1618 1100 et
1643 1070 1838 1113 parentum

297 1139 457 1162 meorum
475 1131 736 1162 antecessorum
750 1131 786 1162 et
800 1138 1041 1162 successorum
1059 1126 1097 1161 in
1114 1131 1329 1173 perpetuum
1348 1138 1410 1161 sex
1428 1138 1565 1162 marcas
1583 1126 1839 1176 sterlingorum

297 1187 343 1223 de
361 1187 466 1223 cofris
483 1187 571 1223 meis
589 1187 635 1223 ad
653 1187 742 1223 duos
760 1187 845 1223 anni
870 1187 1041 1223 terminos
1064 1192 1137 1223 tres
1154 1187 1324 1223 videlicet
1350 1200 1487 1224 marcas
1505 1188 1552 1224 ad
1568 1189 1703 1225 festum
1723 1185 1840 1226 sancti

296 1249 447 1285 Martini
480 1249 519 1285 in
545 1261 649 1297 yeme
679 1254 716 1285 et
743 1249 830 1285 alias
859 1253 932 1285 tres
958 1262 1096 1285 marcas
1126 1249 1173 1285 ad
1202 1249 1336 1286 festum
1361 1250 1594 1287 Pentecostes
1629 1252 1838 1289 immediate

296 1311 477 1358 sequentis
502 1311 655 1347 termino
678 1311 791 1359 prime
817 1311 1008 1347 solucionis
1035 1312 1231 1360 incipiente
1258 1325 1352 1349 anno
1376 1313 1517 1349 domini
1543 1314 1736 1352 millesimo
1764 1323 1839 1353 ccc⁰

297 1373 568 1421 quadragesimo
586 1378 714 1420 quarto
733 1379 769 1409 et
791 1373 840 1409 sic
859 1373 903 1409 de
920 1374 1075 1410 termino
1099 1374 1138 1410 in
1164 1375 1361 1411 terminum
1388 1380 1424 1411 et
1450 1388 1545 1412 anno
1571 1377 1611 1421 in
1637 1390 1773 1414 annum
1799 1380 1838 1415 in

297 1440 510 1483 perpetuum
539 1434 582 1470 ad
615 1447 766 1482 quarum
793 1448 855 1471 sex
883 1448 1083 1472 marcarum
1110 1436 1329 1474 solucionem
1358 1438 1462 1474 annis
1490 1439 1643 1488 singulis
1673 1441 1838 1478 terminis

296 1497 501 1532 memoratis
518 1509 575 1532 me
593 1501 630 1532 et
646 1496 793 1532 heredes
810 1510 907 1533 meos
925 1503 962 1533 et
979 1498 1179 1546 assignatos
1203 1503 1317 1535 terras
1337 1513 1436 1536 meas
1454 1506 1491 1537 et
1508 1502 1630 1538 omnia
1647 1502 1742 1539 bona
1759 1517 1839 1541 mea

296 1558 443 1594 mobilia
472 1563 509 1594 et
536 1558 735 1594 immobilia
764 1559 811 1594 ad
838 1572 1132 1608 quorumcunque
1162 1573 1291 1597 manus
1318 1561 1454 1598 fuerint
1485 1562 1658 1600 devoluta
1687 1565 1840 1603 firmiter

297 1620 415 1668 obligo
432 1632 496 1667 per
511 1624 692 1667 presentes
709 1620 757 1656 Et
774 1620 804 1656 si
822 1621 940 1668 aliquo
964 1634 1048 1657 casu
1066 1622 1298 1671 contingente
1316 1625 1505 1673 contingat
1525 1638 1583 1662 me
1606 1628 1665 1663 vel
1692 1628 1840 1666 heredes

298 1694 395 1717 meos
412 1694 474 1717 seu
492 1682 688 1729 assignatos
706 1682 854 1718 deficere
872 1683 911 1718 in
928 1683 1108 1720 solucione
1131 1684 1311 1721 dictarum
1328 1698 1391 1722 sex
1407 1699 1609 1725 marcarum
1625 1690 1665 1726 in
1681 1695 1761 1728 toto
1779 1693 1841 1728 vel

298 1742 337 1778 in
364 1747 466 1790 parte
494 1742 539 1777 ad
568 1743 737 1779 terminos
771 1749 984 1780 memoratos
1010 1757 1054 1780 ex
1083 1758 1180 1781 nunc
1204 1758 1270 1794 pro
1303 1752 1393 1784 tunc
1419 1749 1556 1786 subicio
1583 1753 1840 1802 memetipsum

298 1803 445 1839 heredes
463 1816 559 1839 meos
577 1808 613 1839 et
637 1804 834 1852 assignatos
852 1806 898 1841 ad
916 1818 1004 1854 quos
1030 1819 1256 1856 quocumque
1278 1810 1386 1846 modo
1411 1816 1505 1848 terre
1531 1826 1611 1850 mee
1636 1815 1775 1853 fuerint
1800 1817 1839 1853 in

299 1869 481 1913 posterum
507 1865 674 1901 devolute
696 1865 920 1913 jurisdicioni
944 1872 980 1903 et
1006 1868 1205 1905 cohercioni
1233 1871 1391 1921 episcopi
1418 1873 1652 1924 Glasguensis
1677 1879 1737 1915 vel
1763 1879 1841 1917 eius

300 1926 495 1963 officiorum
516 1927 578 1975 qui
604 1940 668 1975 pro
695 1932 854 1976 tempore
875 1928 1010 1965 fuerint
1036 1930 1133 1978 quod
1159 1931 1228 1979 ipsi
1255 1933 1315 1969 vel
1343 1947 1466 1972 eorum
1493 1937 1585 1974 alter
1611 1941 1754 1988 possint
1782 1943 1841 1979 vel

299 1989 412 2037 possit
428 2001 485 2024 me
503 1994 539 2025 et
556 1989 700 2025 heredes
718 2003 814 2026 meos
832 1995 868 2026 et
886 1991 1085 2040 assignatos
1103 1994 1313 2042 compellere
1331 1997 1406 2033 sola
1422 1998 1649 2048 inspeccione
1661 2006 1841 2052 presentis

300 2051 406 2086 unica
448 2055 593 2087 tantum
625 2052 825 2088 monicione
859 2054 1031 2100 premissa
1065 2055 1112 2091 ad
1155 2056 1374 2095 solucionem
1411 2061 1507 2099 dicte
1544 2067 1697 2112 pecunie
1733 2068 1841 2106 dictis

299 2113 460 2148 terminis
480 2112 713 2160 persoluende
742 2127 805 2162 per
827 2117 1046 2152 sentenciam
1064 2120 1446 2160 excommunicacionis
1471 2125 1516 2162 de
1534 2127 1592 2164 die
1620 2129 1660 2165 in
1677 2130 1775 2168 diem
1802 2132 1842 2168 in

299 2187 467 2223 personas
487 2179 626 2211 nostras
643 2176 901 2225 promulgande
918 2178 1081 2227 obligans
1107 2179 1363 2220 nichilominus
1388 2197 1446 2222 me
1465 2192 1502 2223 et
1520 2188 1668 2228 heredes
1686 2206 1786 2230 meos
1804 2201 1841 2231 et

301 2237 496 2286 assignatos
527 2238 572 2274 ad
602 2238 814 2276 solvendum
844 2241 988 2278 nomine
1018 2254 1110 2290 pene
1139 2243 1273 2281 fabrice
1308 2247 1455 2285 ecclesie
1490 2250 1724 2301 Glasguensis
1752 2257 1843 2294 duas

300 2312 434 2335 marcas
446 2300 695 2349 sterlingorum
709 2303 1029 2352 quocienscumque
1041 2304 1080 2340 in
1091 2305 1271 2343 solucione
1282 2308 1462 2347 dictarum
1475 2325 1538 2350 sex
1551 2327 1753 2355 marcarum
1766 2321 1842 2357 suis

301 2361 462 2397 terminis
473 2362 511 2397 in
527 2367 605 2398 toto
618 2363 676 2399 vel
693 2364 731 2399 in
748 2369 848 2412 parte
866 2365 1025 2402 defecero
1042 2367 1101 2403 vel
1118 2367 1265 2406 heredes
1282 2372 1354 2407 mei
1371 2385 1433 2410 seu
1452 2376 1626 2426 assignati
1644 2380 1842 2421 defecerint

300 2423 339 2458 in
355 2423 517 2460 futurum
559 2424 607 2460 Et
625 2425 671 2461 ad
687 2427 857 2463 maiorem
873 2429 1125 2476 premissorum
1142 2432 1304 2469 omnium
1322 2437 1551 2476 securitatem
1569 2454 1610 2477 ac
1627 2450 1843 2493 perpetuam

302 2485 607 2522 confirmacionem
641 2488 797 2536 sigillum
823 2504 944 2528 meum
969 2505 1041 2529 una
1067 2506 1149 2530 cum
1175 2495 1293 2545 sigillo
1319 2501 1534 2539 venerabilis
1559 2506 1674 2552 patris
1704 2508 1844 2547 domini
