2130 2962
470 189 688 221 CHARTERS
712 189 764 221 OF
785 189 870 220 THE
896 189 1046 221 FRIARS
1067 190 1314 222 PREAOHERS
1337 192 1389 223 OF
1411 193 1505 224 AYR.
1718 197 1758 226 23

220 289 321 334 alms‚
340 288 396 325 for
421 289 484 325 the
502 289 645 326 welsare
671 289 711 326 of
733 289 795 325 the
820 289 940 339 king's
967 290 1056 335 soul‚
1077 290 1150 326 and
1171 291 1211 327 of
1232 291 1294 327 the
1318 293 1413 329 souls
1439 293 1479 329 of
1501 293 1557 329 his
1584 299 1761 331 ancestors

220 351 293 388 and
320 364 527 396 successors,
558 352 598 388 of
621 356 763 400 twenty
782 352 924 400 pounds
942 352 982 388 of
1003 352 1172 401 sterlings
1199 353 1333 402 yearly,
1352 359 1391 391 to
1418 355 1462 392 be
1485 356 1640 404 uplifted
1666 357 1759 393 from

220 415 284 452 the
300 420 399 451 rents
424 415 464 451 of
487 415 550 451 the
572 413 690 463 king's
713 414 810 450 mills
834 414 906 450 and
922 414 1041 464 burgh
1065 415 1105 451 of
1124 416 1212 464 Ayr,
1228 415 1284 452 for
1303 417 1366 453 the
1378 418 1626 454 maintenance
1644 419 1683 455 of
1696 419 1759 456 the

222 478 355 514 church
373 478 446 514 6116
462 478 574 514 1101166
594 476 791 526 belonging
808 481 846 513 to
863 476 925 513 the
943 477 1021 513 said
1040 477 1166 521 friars;
1191 477 1255 514 the
1273 478 1350 514 said
1368 491 1448 515 sum
1474 485 1512 517 to
1539 481 1583 518 be
1609 482 1694 529 paid
1710 482 1761 530 by

221 541 285 578 the
312 540 430 589 king's
454 539 707 584 chamberlain,
727 552 767 575 or
791 539 848 575 his
874 545 1048 585 servants,
1075 540 1148 576 and
1172 540 1347 577 rendered
1366 541 1406 577 in
1434 541 1496 578 the
1526 548 1694 580 accounts
1724 544 1764 580 of

220 603 285 640 the
314 608 413 640 rents
441 603 482 639 of
504 602 567 639 the
596 601 676 638 said
698 602 816 651 burgh
842 602 915 638 6116
931 602 1036 640 1111116.
1090 602 1166 639 The
1190 603 1314 639 letters
1340 616 1398 640 are
1424 604 1533 641 dated
1559 610 1597 641 at
1623 606 1760 642 Girvan

224 666 291 702 6th
308 666 493 714 February
513 668 648 701 1328-9
664 678 672 701 :
699 664 762 700 the
781 664 1032 701 confirmation
1050 670 1087 701 at
1104 665 1183 714 Ayr
1201 665 1274 701 22d
1293 665 1447 703 October
1466 668 1571 705 1376.

242 798 297 832 15.
326 791 486 830 Attested
506 790 609 841 O'opy
627 791 671 840 qf
688 790 845 828 Char-ter
863 792 908 840 by
924 791 1109 836 Malcolm,
1129 792 1228 829 Εοινῑ
1245 792 1289 841 of
1308 792 1460 841 Wiyton,
1482 800 1515 831 to
1537 794 1592 831 the
1609 795 1744 833 Friars

383 854 601 898 Preachers,
621 854 665 902 of
678 854 735 890 the
753 853 864 891 Lomd
881 854 925 903 of
938 854 1295 905 Duppolle.-[15th
1314 856 1465 893 October
1484 856 1611 906 1381]

297 944 479 981 Noverint
492 943 652 979 universi
664 947 848 991 presentes
861 943 1000 979 litteras
1014 944 1211 992 inspecturi
1223 956 1288 980 nos
1302 943 1516 981 Nicholaum
1534 945 1578 982 de
1601 946 1761 995 eryne

223 1006 409 1044 officialem
435 1005 532 1041 curie
558 1004 792 1053 Glasguensis
810 1005 945 1041 vidisse
969 1011 1006 1042 et
1033 1019 1114 1042 cum
1140 1006 1332 1054 diligencia
1356 1006 1553 1055 inspexisse
1579 1010 1760 1056 quandam

223 1074 358 1106 cartam
392 1068 530 1104 domini
564 1067 749 1103 Malcolmi
783 1067 964 1117 Flemyng
998 1068 1140 1104 comitis
1175 1068 1342 1117 Vygtone
1376 1081 1449 1104 non
1481 1069 1653 1106 viciatam
1686 1084 1761 1107 non

224 1131 458 1169 cancellatam
482 1143 557 1166 non
580 1143 698 1166 rasam
723 1142 797 1165 non
823 1130 997 1166 abolitam
1014 1135 1070 1166 set
1087 1130 1186 1166 omni
1208 1143 1352 1178 prorsus
1377 1130 1471 1167 vicio
1498 1136 1535 1167 et
1560 1132 1759 1180 suspicione

223 1199 402 1230 carentem
429 1193 650 1229 intellexisse
668 1192 713 1229 de
730 1192 840 1229 verbo
858 1193 905 1228 ad
921 1192 1071 1228 verbum
1088 1192 1155 1229 sub
1181 1193 1249 1229 1166
1265 1193 1379 1229 forma
1396 1206 1460 1229 suo
1477 1194 1595 1242 sigillo
1615 1196 1759 1243 proprio

223 1256 416 1305 sigillatam
467 1254 646 1291 Omnibus
667 1255 761 1291 hanc
784 1259 919 1290 cartam
936 1255 1065 1290 visuris
1083 1255 1142 1291 vel
1159 1255 1337 1291 audituris
1354 1255 1565 1291 Malcolmus
1582 1255 1759 1305 Flemyng

225 1331 340 1354 comes
353 1318 397 1354 66
411 1317 584 1366 Vygtona
597 1317 752 1353 salutem
770 1317 809 1353 in
822 1317 979 1353 Domino
997 1317 1251 1365 sempiternam
1294 1317 1422 1353 Sciatis
1439 1330 1504 1353 nos
1521 1317 1660 1354 dedisse
1677 1331 1757 1354 con-

225 1381 367 1417 cessisse
385 1393 426 1416 66
438 1371 598 1428 presenti
616 1384 715 1415 carta
732 1383 856 1415 nostra
874 1378 1100 1415 confirmasse
1117 1378 1302 1415 Fratribus
1319 1378 1607 1415 Predicatoribus
1624 1379 1669 1415 de
1686 1380 1758 1417 Are

224 1443 263 1479 in
288 1456 416 1491 puram
436 1447 473 1479 et
498 1447 712 1490 perpetuam
738 1442 968 1478 elemosinam
993 1454 1057 1489 pro
1075 1441 1350 1489 supportacione
1367 1441 1500 1489 capelle
1517 1441 1619 1477 beate
1646 1442 1759 1479 Marie

225 1505 317 1541 infra
347 1505 549 1541 clausuram
575 1504 703 1540 domus
730 1503 909 1539 dictorum
939 1503 1091 1539 fratrum
1120 1515 1184 1550 per
1207 1515 1272 1538 nos
1297 1502 1385 1538 alias
1414 1507 1616 1540 constructe
1644 1508 1759 1540 totam

225 1567 325 1603 illam
336 1567 476 1615 peciam
488 1571 582 1602 terre
596 1579 678 1602 cum
695 1565 927 1614 pertinenciis
945 1565 990 1601 66
1003 1564 1183 1613 Duppolle
1200 1576 1269 1612 que
1287 1569 1363 1600 erat
1384 1564 1564 1612 quondam
1584 1564 1608 1600 J
1610 1565 1760 1602 ohannis

225 1630 270 1666 de
287 1630 509 1678 Kylmernoc
532 1628 627 1665 infra
645 1641 789 1676 campos
808 1627 914 1676 burgi
932 1627 977 1663 de
994 1627 1067 1663 Are
1084 1626 1290 1663 Tenendam
1307 1631 1344 1662 et
1366 1626 1567 1663 habendam
1589 1627 1760 1675 predictis

224 1692 396 1729 fratribus
413 1705 434 1728 a
451 1692 554 1728 nobis
572 1696 609 1727 et
625 1690 816 1727 heredibus
833 1690 965 1726 nostris
991 1690 1258 1737 imperpetuum
1285 1701 1350 1736 per
1367 1701 1488 1724 omnes
1504 1694 1618 1725 rectas
1647 1694 1760 1726 metas

226 1760 263 1792 et
281 1755 416 1791 divisas
441 1767 523 1791 suas
541 1766 624 1790 cum
641 1753 806 1789 omnibus
831 1752 1061 1788 libertatibus
1079 1751 1394 1788 commoditatibus
1420 1756 1457 1787 et
1482 1752 1696 1799 asyamentis
1713 1752 1760 1788 ad

226 1818 360 1855 dictam
376 1818 516 1866 peciam
544 1821 639 1853 terre
666 1815 914 1864 spectantibus
940 1827 1003 1851 seu
1029 1819 1189 1862 spectare
1214 1813 1419 1849 valentibus
1436 1814 1475 1849 in
1491 1813 1654 1849 futurum
1672 1814 1759 1850 adeo

225 1880 334 1917 libere
345 1880 466 1928 quiete
476 1878 637 1928 plenarie
649 1882 685 1914 et
697 1876 893 1913 honorifice
905 1876 996 1913 bene
1010 1881 1047 1912 et
1059 1876 1098 1911 in
1107 1888 1194 1924 pace
1208 1875 1300 1911 siout
1314 1875 1424 1923 aliqui
1436 1875 1593 1924 religiosi
1603 1876 1759 1923 aliquam

225 1948 438 1991 perpetuam
463 1941 696 1978 elemosinam
721 1940 761 1975 in
777 1944 855 1976 toto
880 1951 991 1988 regno
1020 1938 1140 1974 Scocie
1168 1937 1302 1973 habent
1320 1950 1383 1973 seu
1409 1937 1594 1985 possident
1620 1938 1668 1973 Et
1694 1950 1759 1973 nos

224 2018 310 2042 vero
334 2005 518 2053 predictus
544 2003 758 2039 Malcolmus
784 2007 821 2038 et
845 2001 993 2037 heredes
1018 2000 1132 2036 nostri
1149 2004 1266 2036 totam
1290 1999 1489 2047 predictam
1506 1999 1643 2047 peciam
1667 2004 1760 2035 terre

227 2080 311 2104 cum
334 2066 566 2114 pertinenciis
586 2065 757 2114 predictis
774 2064 945 2100 fratribus
963 2064 1001 2099 in
1018 2062 1183 2099 omnibus
1201 2066 1238 2097 et
1254 2074 1318 2109 per
1334 2061 1454 2097 omnia
1466 2066 1508 2097 ut
1524 2061 1760 2109 prescriptum

226 2133 281 2165 est
307 2133 432 2164 contra
457 2117 581 2163 omnes
605 2127 770 2164 viventes
798 2125 1110 2162 warantizabimus
1140 2123 1421 2172 acquietabimus
1447 2128 1483 2159 et
1508 2123 1756 2170 inperpetuum

226 2190 461 2228 defendemus
499 2190 545 2226 In
558 2190 659 2226 cuius
671 2190 723 2226 rei
736 2189 985 2226 testimonium
1002 2187 1161 2236 presenti
1174 2190 1270 2222 carte
1282 2190 1404 2221 nostre
1421 2185 1575 2233 sigillum
1595 2189 1759 2221 nostrum

226 2258 282 2289 est
300 2264 498 2300 appensum
515 2251 585 2287 hiis
601 2251 754 2288 testibus
778 2251 934 2287 dominis
960 2250 984 2286 J
986 2250 1124 2286 ohanne
1147 2248 1192 2284 de
1213 2247 1495 2295 Danyeellstoun
1519 2246 1688 2283 Nicholas
1714 2247 1759 2283 de

225 2315 455 2352 Knocdolian
472 2313 628 2350 Roberto
648 2314 796 2362 Walays
819 2313 996 2349 militibus
1020 2312 1044 2348 J
1046 2311 1184 2347 ohanne
1207 2309 1387 2357 Kennedy
1410 2308 1547 2356 Fynlao
1565 2307 1610 2344 de
1783 2311 1920 2348 (Ιίῑεςῶιε.)

226 2378 397 2415 Μο16660
416 2377 626 2425 Somirlyny
643 2381 679 2413 et
695 2377 821 2413 multis
840 2376 919 2412 aliis
962 2375 1007 2411 In
1023 2373 1276 2422 premissorum
1293 2371 1405 2420 igitur
1422 2370 1582 2406 omnium
1599 2371 1760 2407 testimo-

224 2441 328 2477 nium
345 2439 506 2489 sigillum
524 2438 630 2475 officii
646 2439 762 2475 nostri
778 2437 1007 2487 presentibus
1025 2441 1079 2473 est
1096 2446 1302 2484 appensum.
1349 2432 1485 2469 Datum
1502 2432 1598 2481 apud
1615 2433 1760 2483 Glasgw

225 2504 354 2553 quinto
373 2502 511 2539 decimo
529 2501 587 2538 die
603 2502 736 2538 mensis
755 2501 921 2539 Octobris
938 2513 1031 2537 anno
1049 2497 1197 2536 Domini
1213 2503 1266 2533 111ο
1284 2503 1358 2533 ccc⁰
1376 2496 1593 2545 octogesimo
1610 2497 1735 2544 primo.
