2130 2962
301 217 341 246 38
555 213 770 245 CHARTERS
793 214 844 245 OF
865 214 948 244 THE
970 213 1120 246 FRIARS
1143 210 1386 243 PREAOHERS
1410 211 1461 241 OF
1483 209 1577 240 AYR.

300 315 494 355 tenement,
520 311 609 347 with
642 311 730 355 kiln,
758 311 830 347 and
863 315 936 347 two
969 311 1161 359 particates
1192 308 1232 344 of
1261 307 1348 343 land
1372 310 1462 342 next
1487 306 1637 348 theret0‚
1670 304 1742 340 and
1767 317 1834 340 one

302 374 393 410 croft
428 374 541 410 called
564 373 771 410 Orukithalf
793 386 882 418 acre,
910 374 1014 422 lying
1042 373 1203 409 between
1232 371 1295 407 the
1325 369 1534 417 Oamergate
1561 368 1633 404 and
1660 368 1723 404 the
1749 367 1836 416 long

303 436 395 473 croft
415 437 454 473 of
474 437 535 473 the
553 436 632 472 said
657 436 781 479 friars3
810 436 881 472 and
899 436 1088 484 Margaret,
1113 435 1195 471 wife
1214 433 1254 470 os
1278 432 1355 469 said
1381 431 1550 475 Andrew,
1579 431 1679 480 gives
1706 431 1745 466 to
1771 430 1835 466 the

303 512 399 535 same
428 499 531 535 friars
561 511 627 535 one
656 499 829 547 particate
856 499 896 534 of
920 498 1015 534 land.
1068 498 1172 534 Done
1197 497 1236 532 in
1263 496 1326 532 the
1354 492 1486 531 church
1515 493 1555 529 os
1579 493 1630 530 St.
1661 493 1835 529 Katerine

302 561 365 597 the
383 561 511 609 virgin,
531 564 634 605 1401,
649 561 768 597 before
784 561 884 597 these
901 561 1093 604 witnesses,
1111 558 1287 608 Reginald
1306 557 1345 594 of
1358 556 1527 605 Fynvyk,
1544 555 1635 591 then
1652 555 1835 591 alderman

304 622 343 658 of
366 622 452 671 Ayr,
471 623 609 659 Gilbert
630 623 832 671 Henryson,
851 622 968 659 Adam
987 622 1027 659 of
1048 623 1140 667 Bwr,
1159 622 1247 658 then
1262 620 1387 657 bailies
1413 619 1453 656 of
1474 618 1537 655 the
1554 630 1661 661 same,
1680 617 1777 654 John
1800 617 1840 653 of

304 685 418 729 Blare,
438 685 550 734 Hugh
568 685 607 721 of
621 685 713 729 Blar‚
732 684 803 721 and
821 685 948 721 others.

308 839 365 873 26.
392 835 544 872 Decreet
564 835 608 883 by
625 835 768 878 Rolnam
787 834 893 871 Dulce
911 834 956 882 of
973 833 1134 881 Albany,
1161 833 1202 870 in
1228 832 1284 869 the
1310 831 1455 877 disputa
1479 831 1628 868 between
1651 831 1707 868 the
1732 831 1833 868 Com-

454 897 598 945 munity
615 898 658 945 (ff
667 898 750 945 ΑΨ
767 896 844 933 and
862 897 918 932 the
936 895 1072 932 Friars
1088 896 1292 932 Prcachers
1309 901 1420 931 anem
1435 894 1490 931 the
1503 892 1673 941 Annuity
1690 894 1734 942 of
1755 897 1832 931 ‚4320

455 966 515 996 out
532 960 576 1007 qf
586 959 640 995 the
657 959 769 1002 Imus,
790 957 1008 1006 (πα-[25111
1025 958 1160 994 March
1180 955 1304 1006 1406.]

383 1062 427 1097 In
444 1062 512 1097 Dei
537 1061 680 1096 nomine
706 1072 809 1096 amen
826 1059 932 1095 Anno
958 1059 1002 1095 ab
1028 1059 1273 1095 incarnacione
1299 1058 1458 1094 eiusdem
1483 1065 1562 1093 mm⁰
1588 1066 1708 1094 ccccmo
1733 1063 1834 1095 sexto

305 1124 438 1160 mensis
459 1122 582 1170 Marcij
604 1122 662 1158 die
687 1134 769 1158 xxv.
789 1121 1020 1169 pontificatus
1047 1121 1261 1156 sanctissimi
1277 1120 1316 1156 in
1335 1120 1478 1157 Christo
1502 1120 1617 1168 patris
1635 1133 1675 1156 ac
1700 1120 1837 1156 domini

305 1185 418 1221 nostri
447 1184 584 1221 domini
612 1183 798 1219 Benedicti
824 1182 947 1218 divina
980 1182 1210 1230 providencia
1234 1195 1327 1230 pape
1358 1181 1432 1230 xiij.
1462 1194 1556 1217 anno
1586 1182 1834 1219 terciodecimo

305 1247 502 1283 indiccione
528 1246 655 1293 quinta
682 1245 819 1280 decima
843 1249 1008 1292 presente
1033 1244 1243 1280 Reverendo
1268 1245 1307 1280 in
1334 1244 1476 1280 Christo
1493 1249 1597 1292 patre
1622 1257 1663 1280 ac
1689 1244 1834 1281 domino

306 1309 450 1345 domino
468 1306 645 1344 Gilberto¹
663 1307 732 1342 Dei
748 1307 867 1355 gracia
891 1307 1054 1354 episcopo
1072 1306 1320 1342 Aberdonensi
1338 1306 1555 1342 Oanceliario
1574 1306 1691 1343 Scotie
1717 1320 1835 1343 coram

305 1370 494 1419 magnifico
513 1374 549 1405 et
567 1369 761 1405 excellente
778 1368 938 1416 principe
956 1381 996 1404 ac
1014 1368 1159 1404 domino
1177 1368 1333 1404 Roberto
1357 1368 1447 1405 duce
1464 1369 1618 1405 Albanie
1636 1370 1765 1406 comite
1791 1370 1836 1406 de

306 1432 386 1468 Fife
400 1437 436 1468 et
449 1431 661 1468 Menetheth
678 1431 796 1466 locum
809 1435 955 1466 tenente
972 1430 1109 1466 domini
1123 1431 1236 1466 nostri
1248 1431 1341 1479 regis
1354 1431 1392 1466 in
1405 1431 1476 1467 mei
1496 1432 1625 1480 notarij
1645 1432 1781 1480 publici
1799 1437 1836 1469 et

304 1494 453 1530 testium
464 1493 742 1541 subscriptorum
752 1493 931 1540 presencia
943 1493 1175 1540 personaliter
1188 1493 1377 1529 constituti
1390 1493 1599 1529 Reverende
1613 1494 1838 1530 discretionis

306 1557 363 1592 vir
378 1556 502 1592 Frater
519 1555 693 1591 Robertus
721 1554 765 1590 de
788 1554 986 1601 Lynlithcv
1011 1554 1107 1602 prior
1132 1554 1298 1589 Fratrum
1324 1554 1595 1590 Predicatorum
1621 1555 1766 1592 ecclesie
1792 1556 1837 1592 de

308 1618 480 1653 Katerine
498 1617 543 1653 de
560 1617 631 1652 Are
648 1616 791 1652 nomine
809 1620 845 1651 et
863 1628 908 1651 ex
924 1620 1027 1663 parte
1044 1620 1241 1651 conventus
1259 1621 1296 1651 et
1314 1616 1462 1664 capituli
1483 1617 1571 1653 dicti
1587 1617 1657 1653 loci
1675 1631 1720 1654 ex
1736 1623 1837 1666 parte

307 1692 380 1715 una
405 1692 446 1715 ac
470 1679 612 1727 providi
638 1678 707 1714 viri
736 1678 954 1726 Reginaldus
983 1678 1028 1713 de
1057 1678 1212 1725 Fynwik
1238 1678 1456 1715 aldirmanus
1486 1679 1593 1728 burgi
1623 1680 1668 1716 de
1698 1681 1770 1717 Are
1801 1686 1837 1717 et

307 1741 508 1777 Willelmus
541 1740 676 1789 Nigelli
709 1740 894 1788 burgensis
928 1740 1017 1775 dicti
1050 1740 1155 1788 burgi
1190 1741 1420 1789 commissarij
1454 1742 1723 1778 communitatis
1749 1743 1838 1780 dicti

308 1803 413 1852 burgi
443 1803 487 1838 de
515 1802 587 1838 Are
618 1802 683 1838 sub
711 1802 827 1850 sigillo
855 1802 1035 1838 communi
1062 1802 1151 1838 dicti
1177 1802 1283 1851 burgi
1309 1804 1513 1852 specialiter
1539 1806 1729 1842 constituti
1756 1819 1838 1843 cum

309 1865 466 1901 clausula
479 1865 523 1900 de
536 1864 718 1900 habitione
734 1864 805 1899 rati
819 1877 861 1899 ex
878 1868 979 1911 parte
997 1864 1107 1899 altera
1125 1870 1399 1912 comparuerunt
1415 1866 1571 1903 fatentes
1589 1880 1626 1903 se
1643 1868 1839 1905 submissos

309 1927 355 1963 ad
381 1926 624 1974 recipiendum
653 1926 987 1962 determinationem
1012 1926 1272 1963 ordinationem
1302 1932 1339 1963 et
1368 1928 1551 1965 decretum
1582 1930 1670 1966 dicti
1700 1931 1839 1968 domini

309 1989 410 2025 ducis
427 1993 463 2024 et
480 1988 535 2024 sui
561 1987 697 2024 consilii
723 2000 827 2035 super
852 1988 1090 2024 controversia
1107 1993 1143 2024 et
1161 1988 1292 2025 debata
1310 1990 1396 2026 ortis
1414 1995 1453 2026 at
1469 1992 1577 2028 motis
1602 1993 1698 2029 inter
1723 1994 1838 2030 dictas

308 2055 426 2099 partes
442 2062 549 2098 penes
561 2050 693 2098 viginti
709 2049 817 2085 libras
833 2049 967 2085 usualis
984 2054 1126 2086 monete
1142 2051 1275 2098 petitas
1293 2053 1481 2089 annuatim
1497 2067 1562 2102 per
1579 2054 1695 2092 dictos
1711 2056 1839 2092 fratres

309 2126 330 2149 a
356 2113 453 2149 dicta
483 2112 739 2148 communitate
764 2112 809 2148 de
840 2112 1022 2148 elimosina
1056 2112 1193 2148 domini
1225 2115 1339 2150 nostri
1363 2116 1456 2164 regis
1481 2130 1545 2165 per
1570 2118 1692 2155 firmas
1726 2119 1839 2168 ipsius

308 2174 558 2222 provenientes
588 2174 633 2209 de
658 2173 871 2210 molendinis
905 2174 1079 2231 etburgo
1106 2175 1150 2210 de
1175 2174 1247 2211 Are
1273 2176 1342 2212 sibi
1367 2190 1388 2213 a
1413 2179 1558 2228 regibus
1585 2193 1767 2218 concessas
1794 2183 1840 2219 ad

310 2237 607 2273 sustentationem
621 2236 765 2272 ecclesie
779 2240 816 2272 et
829 2236 1015 2272 domorum
1030 2249 1173 2272 suarum
1186 2243 1294 2285 prout
1305 2239 1344 2274 in
1358 2241 1465 2277 cartis
1480 2242 1553 2278 suis
1567 2242 1652 2279 inde
1670 2244 1839 2281 confectis

308 2299 412 2347 plene
438 2300 641 2335 continetur
678 2299 748 2342 Qui
772 2299 999 2347 commissarii
1029 2299 1197 2335 dixerunt
1216 2300 1331 2337 dietas
1348 2302 1470 2339 firmas
1489 2305 1535 2341 ad
1562 2306 1658 2354 ipsos
1682 2312 1719 2343 et
1745 2321 1839 2344 com-

310 2362 524 2397 munitatem
548 2361 746 2409 predictam
768 2361 944 2409 pertinere
970 2361 1108 2397 ratione
1132 2367 1303 2410 perpetue
1329 2365 1564 2403 assedationis
1585 2368 1655 2404 sibi
1677 2369 1772 2406 facte
1798 2375 1840 2407 ut

312 2424 356 2460 de
379 2423 482 2460 feodo
509 2429 544 2460 et
561 2424 759 2460 hereditate
775 2436 839 2472 per
864 2423 1203 2460 excellentissimum
1220 2425 1421 2474 principem
1446 2433 1483 2464 et
1500 2431 1840 2469 metuendissimum

363 2508 374 2524 ²
388 2513 494 2540 Gilbert
508 2514 649 2541 Greenlaw
662 2523 715 2541 was
729 2514 832 2550 Bishop
846 2514 875 2541 of
887 2513 1030 2541 Aberdeen
1043 2513 1113 2540 from
1130 2516 1206 2541 1390
1221 2517 1249 2542 to
1266 2518 1497 2546 1424.—Keith's
1513 2519 1659 2556 Uataloyue,
1673 2530 1699 2558 p.
1716 2525 1780 2552 113.
