2130 2962
295 207 356 236 104
544 206 761 237 OHARTERS
784 207 835 238 OF
857 207 941 237 THE
962 206 1112 237 FRIARS
1134 203 1378 236 PREAOHERS
1401 202 1453 233 OF
1474 202 1568 233 AYR.

293 299 581 336 Predicatoribus
618 313 680 336 seu
724 300 1009 337 Dominicalibus
1045 305 1081 336 et
1115 298 1318 336 Minoribus
1353 309 1415 333 seu
1459 295 1707 332 Franciscanis
1742 295 1832 331 dicti

294 363 409 398 nostri
443 362 547 411 burgi
580 364 742 411 perprius
783 364 1036 412 pertinuerunt
1077 374 1233 398 unacum
1271 360 1439 396 omnibus
1474 364 1510 395 et
1544 358 1694 407 singulis
1728 357 1833 394 terris

296 425 459 461 domibus
482 426 696 461 tenementis
718 425 920 474 jacentibus
947 425 1040 461 infra
1067 425 1207 460 dictum
1234 428 1398 459 nostrum
1424 421 1580 470 burgum
1607 420 1831 469 parrochiam

296 492 333 523 et
350 487 554 523 libertatem
575 488 733 523 eiusdem
752 501 832 524 cum
859 487 1024 523 omnibus
1050 487 1177 522 annuis
1204 485 1405 521 redditibus
1424 484 1468 520 de
1485 496 1697 532 quacunque
1723 483 1830 519 domo

297 550 401 586 terris
419 555 482 586 aut
502 555 707 587 tenemento
733 551 826 586 infra
852 550 989 586 dictum
1017 553 1180 584 nostrum
1205 548 1361 596 burgum
1387 546 1550 583 levandis
1577 546 1672 582 datis
1698 545 1832 581 dotatis

298 617 335 648 et
359 612 520 648 fundatis
546 612 814 661 quibuscunque
841 611 1071 660 cappellaniis
1102 610 1285 658 alteragiis
1319 609 1491 645 fratribus
1524 608 1730 644 mortuariis
1768 612 1832 644 aut

299 675 548 711 anniversariis
565 675 768 723 ubicunque
786 675 860 710 sint
877 674 970 709 infra
986 685 1136 721 regnum
1154 677 1317 707 nostrum
1369 672 1421 707 Ac
1439 671 1547 707 etiam
1565 683 1648 706 cum
1666 669 1832 706 omnibus

299 742 336 772 et
349 737 498 785 singulis
513 738 640 773 annuis
656 736 855 772 redditibus
874 741 910 771 et
928 736 1006 771 aliis
1025 734 1172 770 divoriis
1191 734 1317 769 solutis
1335 739 1398 769 aut
1415 746 1484 781 que
1501 745 1565 781 per
1582 745 1832 781 quamcunque

300 799 483 834 ecclesiam
501 804 602 834 extra
620 799 757 834 dictum
780 803 943 833 nostrum
959 797 1114 845 burgum
1132 809 1152 831 a
1169 796 1348 844 preposito
1366 801 1430 831 aut
1447 795 1590 831 ballivis
1608 794 1768 831 eiusdem
1786 794 1831 831 de

300 861 481 896 communi
514 860 657 896 redditu
685 860 843 896 eiusdem
869 872 933 907 pro
964 859 1141 908 suffragiis
1176 858 1396 894 celebrandis
1431 857 1639 893 demandari
1671 857 1831 905 poterint

301 935 383 958 cum
406 922 634 969 pertinenciis
652 935 693 957 ac
717 922 825 957 etiam
849 934 930 957 cum
954 922 1175 957 avisamento
1193 921 1389 969 prescripto
1413 921 1556 956 unimus
1575 925 1612 955 et
1629 920 1831 968 incorpora-

300 997 380 1019 mus
399 996 521 1019 omnes
539 988 575 1020 et
596 984 753 1032 singulas
779 988 890 1019 terras
916 988 1124 1019 tenementa
1149 983 1274 1019 domos
1301 983 1440 1019 edificia
1466 982 1629 1018 ecclesias
1656 982 1832 1018 cimiteria

301 1045 477 1093 cappellas
493 1046 615 1081 hortos
633 1058 730 1081 acras
748 1046 876 1081 croftas
895 1058 1030 1081 annuos
1056 1045 1218 1081 redditus
1241 1045 1446 1081 molendina
1463 1044 1676 1092 piscationes
1692 1044 1831 1079 fructus

301 1107 438 1143 divoria
454 1107 612 1154 proficua
640 1108 880 1143 emolumenta
907 1108 1028 1143 firmas
1056 1108 1258 1143 elimosinas
1276 1107 1395 1143 obitus
1413 1106 1653 1142 anniversaria
1679 1106 1832 1142 fratrum
1866 1140 1876 1147 ,

301 1170 379 1205 loca
405 1170 527 1205 hortos
558 1170 751 1207 earundem
779 1183 861 1205 cum
887 1170 960 1205 suis
985 1170 1215 1217 pertinenciis
1240 1170 1280 1205 in
1306 1182 1419 1205 unum
1445 1182 1572 1217 corpus
1598 1170 1831 1217 imposterum

302 1231 555 1279 appellandum
584 1231 749 1268 fundatio
775 1237 896 1267 nostra
925 1232 1117 1268 ministerii
1150 1237 1186 1267 et
1215 1231 1474 1279 hospitalitatis
1504 1236 1626 1267 nostra
1653 1232 1758 1280 burgi
1788 1232 1832 1268 de

301 1293 368 1328 Air
385 1293 559 1328 Volumus
586 1293 694 1329 etiam
715 1294 814 1341 quod
839 1294 945 1329 unica
969 1294 1086 1329 sasina
1111 1306 1175 1341 per
1200 1293 1356 1341 prefatos
1374 1294 1597 1341 prepositum
1623 1298 1659 1329 et
1682 1294 1834 1330 ballivos

303 1360 365 1390 aut
383 1355 542 1402 ipsorum
560 1355 715 1402 aliquem
733 1355 828 1391 dicte
846 1356 1114 1391 communitatis
1132 1361 1251 1391 nostre
1269 1356 1366 1403 apud
1390 1356 1587 1403 pretorium
1614 1356 1703 1392 dicti
1720 1357 1835 1392 nostri

302 1417 407 1465 burgi
419 1416 528 1452 semel
541 1421 686 1464 accepta
699 1421 774 1452 tam
788 1417 964 1453 sufficiens
979 1418 1046 1453 erit
1064 1418 1181 1453 sasina
1197 1423 1370 1465 perpetuo
1387 1418 1589 1453 infuturum
1607 1431 1648 1453 ac
1662 1418 1692 1454 si
1710 1419 1834 1454 eadem

303 1491 409 1525 super
428 1478 659 1525 particulares
686 1484 798 1514 terras
817 1479 863 1514 ad
880 1479 993 1515 dictas
1021 1480 1197 1527 cappellas
1224 1480 1476 1527 prebendarios
1503 1484 1540 1515 et
1568 1480 1695 1515 fratres
1724 1481 1835 1528 perti-

304 1545 429 1575 nentes
456 1545 519 1575 aut
535 1540 623 1586 ipsis
649 1540 688 1576 in
712 1540 859 1587 prefatis
886 1540 1013 1575 annuis
1034 1540 1235 1575 redditibus
1261 1541 1503 1576 anniversaria
1528 1541 1647 1577 firmas
1674 1542 1835 1590 proficua

305 1607 341 1638 et
359 1602 497 1637 divoria
513 1601 710 1649 prescripta
728 1601 848 1637 debite
869 1606 1067 1637 sumeretur
1083 1614 1156 1636 non
1174 1602 1337 1638 obstante
1354 1602 1514 1638 locorum
1531 1603 1704 1639 distantia
1722 1604 1834 1641 Vobis

305 1664 520 1711 precipimus
547 1668 583 1698 et
603 1663 815 1699 mandamus
841 1667 1017 1710 quatenus
1035 1662 1182 1710 prefatis
1207 1664 1389 1711 preposito
1414 1664 1557 1700 ballivis
1576 1666 1780 1702 consulibus
1798 1672 1835 1703 et

306 1725 563 1761 communitate
581 1725 669 1760 dicti
685 1729 806 1760 nostro
824 1724 928 1771 burgi
946 1729 1009 1759 aut
1034 1724 1192 1771 ipsorum
1210 1725 1320 1772 aliqui
1337 1726 1410 1761 vell
1427 1726 1501 1761 suis
1518 1727 1623 1762 certis
1641 1730 1835 1766 actornatis

305 1786 478 1822 latoribus
495 1786 713 1834 presentium
731 1786 884 1821 sasinam
901 1785 1118 1833 prefatarum
1140 1790 1314 1821 terrarum
1332 1792 1621 1824 tenementorum
1646 1790 1835 1827 domorum

308 1848 529 1884 edificiorum
546 1848 783 1895 pomeriorum
800 1847 982 1882 hortarum
1006 1860 1164 1882 acrarum
1192 1848 1384 1884 croftarum
1410 1862 1610 1886 annuorum
1626 1852 1836 1890 reddituum

309 1910 595 1946 molendinorum
620 1908 858 1957 piscationum
875 1908 1058 1944 fructuum
1076 1908 1302 1944 denariorum
1328 1914 1364 1945 et
1387 1910 1538 1947 aliorum
1556 1925 1663 1961 supra
1689 1916 1837 1964 scripto-

308 1985 389 2007 rum
411 1984 492 2007 cum
514 1972 587 2007 suis
612 1970 841 2019 pertinenciis
867 1971 1063 2006 secundum
1086 1975 1247 2006 tenorem
1272 1976 1367 2007 carte
1392 1977 1512 2009 nostre
1538 1987 1644 2022 quem
1668 1977 1713 2013 de
1736 1979 1840 2015 nobis

309 2034 393 2069 inde
426 2034 561 2069 habent
601 2033 698 2081 juste
731 2032 854 2068 haberi
895 2032 1035 2068 faciatis
1069 2032 1118 2068 Et
1150 2037 1310 2080 preterea
1351 2046 1415 2081 per
1456 2041 1638 2083 presentes
1672 2040 1841 2078 nolumus

310 2096 535 2143 cappellanos
565 2094 815 2143 prebendarios
844 2099 880 2130 et
907 2094 1035 2130 fratres
1063 2107 1132 2142 que
1159 2099 1242 2130 ante
1269 2095 1404 2131 dictam
1431 2097 1679 2137 alterationem
1706 2104 1842 2150 provisi

311 2162 413 2194 erant
431 2162 466 2193 et
483 2157 549 2193 hoc
567 2169 711 2205 presens
729 2161 893 2192 nostrum
910 2156 1204 2192 infeofamentum
1220 2158 1434 2205 preiudicari
1452 2160 1515 2196 sed
1531 2173 1753 2201 reservamus
1771 2167 1843 2203 illis

310 2233 416 2256 vsum
442 2220 619 2255 dictorum
644 2220 826 2256 fructuum
846 2220 999 2256 durante
1025 2232 1146 2256 eorum
1163 2220 1239 2256 vita
1255 2225 1401 2257 tantum
1452 2222 1501 2259 Et
1526 2223 1593 2260 hoc
1610 2226 1710 2263 nullo
1736 2229 1843 2266 modo

311 2282 486 2318 omittatis
537 2281 597 2317 Ad
630 2283 727 2331 quod
755 2282 959 2319 faciendum
988 2282 1090 2318 vobis
1121 2286 1157 2317 et
1186 2287 1348 2319 vestrum
1379 2286 1526 2323 cuilibet
1556 2289 1776 2327 coniunctim
1807 2296 1845 2328 et

311 2344 456 2380 divisim
479 2344 748 2380 vicecomitibus
774 2344 906 2380 nostris
923 2344 968 2380 de
984 2343 1051 2380 Air
1066 2344 1106 2379 in
1128 2344 1194 2379 hac
1211 2350 1313 2392 parte
1340 2349 1600 2386 committimus
1626 2357 1844 2399 potestatem

311 2406 448 2443 Datum
466 2406 531 2442 sub
549 2406 754 2443 testimonio
771 2407 885 2442 nostri
901 2406 1024 2455 magni
1041 2406 1149 2455 sigi-lli
1198 2407 1309 2455 Apud
1331 2409 1545 2461 Edinburgh
1563 2413 1700 2451 decimo
1718 2422 1846 2464 quarto

312 2468 370 2505 die
383 2470 514 2505 mensis
527 2468 662 2517 Aprilis
680 2482 774 2505 anno
792 2469 929 2505 domini
945 2468 1133 2505 millesimo
1151 2469 1437 2519 quingentesimo
1455 2476 1676 2524 sexagesimo
1693 2479 1846 2527 septimo
