2130 2962
300 205 338 233 98
555 202 770 234 OHARTERS
793 203 845 234 OF
866 204 950 234 THE
970 203 1120 234 FRIARS
1142 202 1387 233 PREAOHERS
1412 202 1463 233 OF
1485 201 1581 234 AYR.

299 297 487 345 questione
512 296 691 333 demanda
717 310 779 333 seu
805 297 952 334 servitio
978 296 1128 333 seculari
1153 307 1223 344 que
1253 294 1298 330 de
1328 298 1406 330 toto
1437 298 1473 330 et
1503 294 1646 342 integro
1674 294 1838 343 predicto

298 364 504 396 tenemento
522 372 603 396 cum
621 359 851 408 pertinenciis
869 372 933 408 per
950 371 1181 408 quoscunque
1207 358 1301 393 iuste
1331 356 1428 405 exigi
1454 361 1626 404 poterunt
1644 357 1839 405 quomodo-

298 422 387 458 libet
405 423 462 458 vel
479 422 611 471 requiri
660 422 808 459 Proviso
832 427 954 458 tamen
981 421 1078 470 quod
1102 420 1285 469 predictus
1311 418 1336 455 J
1337 419 1496 455 ohannes
1514 419 1613 455 Blair
1638 424 1675 456 et
1700 420 1840 456 Helena

300 484 470 521 Cathcart
488 485 563 521 eius
585 498 714 533 sponsa
732 497 923 533 eorumque
940 484 1087 520 heredes
1113 482 1305 531 prescripti
1323 482 1373 518 sic
1400 481 1619 518 edificabunt
1645 495 1686 518 ac
1711 495 1838 518 manu—

298 547 475 583 tenebunt
508 547 647 583 dictum
680 552 926 585 tenementum
961 547 1058 595 quod
1092 558 1167 581 esse
1197 545 1312 593 possit
1342 557 1481 592 semper
1518 543 1735 580 sufficienter
1764 544 1836 580 dis-

298 609 481 658 tringibile
498 622 562 658 pro
579 609 728 658 prefatis
745 623 807 646 sex
824 609 951 645 marcis
968 607 1170 644 feudifirme
1189 612 1225 643 et
1243 606 1341 655 quod
1363 619 1437 642 non
1455 606 1665 643 alienabunt
1681 607 1757 643 sive
1774 619 1838 655 per

301 672 543 708 venditionem
561 672 636 708 sive
663 685 726 720 per
753 671 985 707 donationem
1013 670 1088 706 sive
1115 682 1180 717 per
1205 668 1509 716 permutationem
1535 669 1611 705 sive
1637 682 1702 717 per
1730 670 1837 705 aliam

300 747 559 782 quamcumque
589 734 742 782 speciem
769 733 997 769 alienationis
1025 732 1182 779 aliquam
1210 736 1350 779 partem
1377 731 1508 779 prefati
1535 732 1733 768 tenementi
1760 732 1836 768 sive

300 796 454 844 aliquem
468 809 627 831 annuum
639 795 822 831 redditum
835 795 879 830 de
893 794 1054 842 predicto
1068 798 1147 829 toto
1160 798 1366 830 tenemento
1380 794 1439 830 vel
1453 794 1497 830 de
1511 795 1587 830 eius
1602 794 1722 843 aliqua
1733 799 1836 843 parte

299 863 341 894 ut
358 858 570 905 premissum
588 862 641 893 est
659 857 811 892 alienare
834 856 969 892 Verum
985 856 1107 892 licebit
1124 856 1211 904 ipsis
1230 860 1266 891 et
1284 869 1406 892 eorum
1423 857 1613 893 heredibus
1630 857 1835 905 prescriptis

299 924 418 955 totum
430 920 549 967 ipsum
562 923 807 955 tenementum
819 918 864 954 de
877 923 999 954 nostra
1012 923 1136 954 tamen
1148 918 1207 954 vel
1220 931 1461 955 successorum
1473 925 1677 956 nostrorum
1690 920 1836 956 licentia

299 982 445 1029 speciali
460 981 576 1028 petita
593 986 629 1016 et
646 981 793 1016 obtenta
804 980 957 1016 alienare
970 980 1037 1016 hoc
1051 993 1190 1028 semper
1202 981 1347 1029 proviso
1361 981 1456 1029 quod
1469 986 1588 1018 totum
1604 982 1724 1030 ipsum
1737 988 1835 1018 tene-

299 1048 463 1079 mentum
472 1047 615 1079 maneat
624 1043 803 1091 integrum
813 1047 849 1078 et
860 1055 932 1078 non
944 1042 1101 1078 divisum
1112 1048 1148 1079 et
1157 1043 1309 1079 liberum
1319 1043 1363 1079 ab
1375 1044 1472 1079 omni
1482 1044 1550 1079 alio
1560 1057 1679 1080 annuo
1689 1045 1834 1081 redditu

298 1111 375 1141 tam
389 1105 540 1141 liberum
553 1118 662 1153 quam
676 1110 731 1140 est
743 1104 849 1140 hodie
864 1110 900 1140 et
914 1104 1010 1153 quod
1024 1117 1139 1153 neque
1152 1104 1176 1140 J
1178 1105 1336 1141 ohannes
1350 1105 1490 1141 Helena
1503 1111 1539 1142 et
1553 1118 1675 1142 eorum
1687 1107 1834 1143 heredes

298 1167 486 1215 prescripti
503 1168 553 1203 sic
570 1167 714 1203 solvant
731 1167 834 1203 nobis
852 1172 889 1202 et
901 1167 1159 1203 successoribus
1176 1168 1308 1203 nostris
1325 1167 1482 1215 prefatas
1496 1180 1559 1203 sex
1572 1180 1708 1204 marcas
1720 1169 1835 1205 feudi-

299 1229 399 1265 firme
416 1230 637 1265 terminatim
651 1229 748 1277 quod
764 1229 795 1265 si
813 1229 884 1265 duo
901 1229 1046 1265 termini
1064 1234 1208 1265 currant
1225 1230 1264 1264 in
1280 1230 1430 1265 tertium
1446 1229 1642 1265 terminum
1659 1230 1835 1267 solutione

299 1304 373 1327 non
385 1291 481 1327 facta
505 1292 545 1327 in
569 1291 636 1327 hoc
662 1304 746 1326 casu
772 1296 809 1327 et
832 1292 1013 1339 premissis
1036 1292 1114 1327 aliis
1132 1292 1271 1328 casibus
1287 1296 1408 1327 totum
1425 1291 1564 1327 dictum
1586 1296 1835 1328 tenementum

301 1365 382 1388 cum
399 1352 628 1400 pertinenciis
645 1352 754 1388 libere
771 1352 818 1388 ad
834 1365 899 1388 nos
916 1357 1126 1401 nostrosque
1143 1366 1358 1389 successores
1385 1366 1464 1389 cum
1492 1353 1658 1390 omnibus
1683 1354 1836 1403 desuper

302 1415 476 1451 edificatis
493 1419 693 1451 revertetur
716 1415 1008 1462 presentiumque
1033 1420 1157 1451 tenore
1182 1428 1365 1451 reversum
1391 1428 1466 1451 esse
1492 1421 1677 1452 censeatur
1703 1417 1836 1466 absque

298 1477 388 1524 juris
423 1477 663 1524 cuiuscunque
688 1476 849 1512 ulteriori
883 1489 1049 1524 processu
1101 1477 1149 1512 Et
1174 1490 1238 1513 nos
1263 1490 1348 1513 vero
1381 1477 1511 1525 prefati
1536 1477 1647 1513 frater
1672 1478 1835 1515 Andreas

301 1538 432 1574 Leiche
448 1538 544 1586 prior
561 1543 597 1573 et
621 1543 818 1573 conventus
839 1538 908 1574 loci
925 1538 1093 1574 Fratrum
1116 1538 1386 1574 Predicatorum
1412 1539 1457 1574 de
1482 1539 1547 1574 Air
1565 1544 1601 1575 et
1618 1553 1835 1577 successores

301 1600 416 1635 nostri
439 1604 560 1635 totum
590 1603 626 1634 et
650 1599 832 1647 integrum
857 1600 1036 1647 prefatum
1065 1605 1312 1636 tenementum
1347 1613 1429 1636 cum
1462 1602 1692 1648 pertinenciis
1725 1608 1834 1650 prout

299 1662 395 1709 jacet
412 1662 450 1696 in
467 1661 692 1709 longitudine
714 1665 750 1696 et
767 1661 958 1697 latitudine
975 1661 1112 1709 prefato
1130 1661 1153 1697 J
1156 1662 1289 1698 ohanni
1314 1662 1412 1697 Blair
1437 1667 1474 1699 et
1500 1663 1637 1699 Helene
1665 1664 1836 1701 Oathcart

304 1723 378 1758 eius
396 1736 522 1770 sponse
539 1723 578 1758 in
595 1723 784 1758 coniuncta
800 1723 1042 1759 infeodatione
1059 1723 1317 1771 heredibusque
1335 1724 1407 1759 suis
1430 1726 1636 1773 prescriptis
1662 1726 1771 1762 libere
1798 1733 1834 1763 et

303 1785 423 1832 quiete
441 1785 479 1819 in
496 1784 660 1820 omnibus
678 1788 714 1820 et
730 1797 794 1831 per
811 1784 930 1820 omnia
953 1784 1068 1820 forma
1094 1785 1227 1832 pariter
1254 1790 1291 1820 et
1317 1785 1445 1821 effectu
1471 1791 1513 1822 ut
1539 1788 1753 1834 premissum
1779 1794 1835 1826 est

305 1851 428 1882 contra
470 1858 592 1882 omnes
633 1845 800 1881 mortales
837 1846 1139 1881 varantizabimus
1182 1846 1463 1893 acquietabimus
1498 1853 1535 1884 et
1568 1849 1835 1897 imperpetuum

304 1908 535 1944 defendemus
585 1908 629 1943 In
647 1908 747 1943 cuius
768 1908 819 1944 rei
845 1908 1091 1944 testimonium
1117 1908 1276 1956 sigillum
1302 1921 1488 1946 commune
1514 1910 1603 1946 dicti
1626 1913 1741 1948 nostri
1767 1913 1837 1949 loci

304 1971 387 2006 huic
405 1970 563 2018 presenti
580 1975 675 2005 carte
691 1974 811 2005 nostre
829 1970 994 2005 manibus
1012 1970 1142 2005 nostris
1160 1970 1370 2018 subscriptis
1396 1976 1451 2007 est
1478 1985 1675 2020 appensum
1726 1975 1838 2023 Apud

304 2033 443 2068 dictum
467 2037 630 2068 nostrum
655 2032 773 2068 locum
800 2031 844 2067 de
877 2031 943 2067 Air
977 2032 1132 2068 secundo
1168 2032 1225 2067 die
1259 2033 1392 2068 mensis
1422 2033 1446 2069 J
1447 2034 1521 2082 unij
1559 2048 1653 2072 anno
1688 2037 1839 2075 Domini

304 2095 491 2130 millesimo
503 2094 788 2142 quingentesimo
802 2094 1097 2143 quinquagesimo
1112 2094 1262 2142 septimo
1275 2094 1403 2131 Coram
1415 2096 1484 2132 hiis
1494 2098 1648 2134 testibus
1663 2099 1838 2149 Magistro

303 2157 478 2193 Michaele
496 2157 653 2193 Wallace
673 2154 697 2192 J
699 2157 831 2193 ohanni
848 2157 1008 2192 Lokhart
1027 2157 1155 2192 balivis
1180 2156 1311 2204 prefati
1328 2157 1434 2207 burgi
1450 2158 1658 2197 Alexandro
1676 2162 1840 2201 Lokhart

305 2225 341 2255 et
358 2220 515 2256 Roberto
539 2219 716 2267 Rankyne
733 2219 968 2268 burgensibus
986 2219 1074 2255 dicti
1091 2219 1196 2267 burgi
1220 2232 1302 2255 cum
1320 2220 1470 2258 diversis
1488 2223 1578 2260 aliis.
1632 2225 1841 2274 Sequuntur

304 2282 580 2330 subscriptiones
595 2282 780 2318 :-Frater
803 2282 827 2318 J
829 2282 985 2318 ohannes
1011 2281 1205 2318 Greirsoun
1229 2282 1460 2329 provincialis
1486 2298 1597 2322 manu
1624 2300 1688 2324 sua
1714 2288 1842 2326 Frater

304 2344 466 2380 Andreas
484 2344 614 2380 Leiche
639 2344 735 2392 prior
760 2357 871 2380 manu
898 2357 961 2380 sua
979 2344 1102 2380 Frater
1127 2344 1284 2380 Joannes
1312 2345 1428 2382 Rollie
1455 2348 1621 2396 supprior
1647 2362 1758 2387 manu
1776 2364 1841 2388 sua

304 2406 428 2443 Frater
440 2406 464 2442 J
466 2419 596 2443 oannes
610 2406 914 2443 Marschellmanu
928 2419 992 2442 sua
1006 2406 1130 2442 Frater
1142 2406 1166 2442 J
1168 2406 1325 2443 ohannes
1339 2407 1500 2446 Fortoun
1513 2424 1624 2447 manu
1638 2425 1702 2449 sua
1715 2413 1841 2452 Frater

306 2468 442 2517 Symon
466 2469 642 2506 Oornwall
666 2482 776 2506 manu
800 2470 943 2518 propria
968 2469 1093 2505 Frater
1123 2469 1302 2506 Henricus
1330 2470 1462 2520 Smyth
1488 2485 1599 2510 manu
1624 2488 1689 2511 sua
1714 2476 1842 2514 Frater
