2130 2962
866 768 1293 824 APPENDIX.

996 910 1142 928 -044—

1021 1009 1089 1045 No.
1111 1009 1139 1046 I.

761 1120 855 1157 PRO
883 1120 1155 1157 PROVINCIA
1182 1120 1441 1157 SOOTIAE.1··

1024 1213 1124 1250 XXI.

311 1323 469 1360 SOOTIAE
487 1324 688 1367 Prouincia,
708 1323 752 1359 ab
770 1322 970 1372 Anglicana
998 1324 1130 1368 euulsa,
1151 1324 1401 1372 antiquissima
1418 1324 1489 1360 fuit
1507 1326 1545 1361 in
1564 1324 1708 1363 Ordine.
1763 1327 1840 1370 Quo

310 1391 432 1422 autem
450 1399 544 1422 anno
561 1386 600 1422 in
617 1385 832 1434 peculiarem
849 1385 958 1422 fuerit
975 1391 1092 1422 erecta
1116 1386 1354 1430 Prouinciam,
1373 1399 1446 1422 non
1471 1387 1683 1425 inuenimus.
1737 1388 1775 1425 P.
1797 1388 1838 1425 F.

309 1448 466 1484 Michael
483 1448 632 1484 Plodius
659 1448 854 1496 Inquisitor
879 1448 1156 1484 Mediolanensis
1183 1448 1227 1484 de
1252 1446 1325 1484 Vir.
1356 1448 1471 1486 Illust.
1501 1450 1584 1486 Ord.
1612 1464 1686 1498 par.
1717 1455 1749 1495 2,
1774 1451 1840 1487 hoc

309 1523 389 1547 ann.
411 1510 515 1546 Dom.
540 1513 645 1554 1481,
666 1510 858 1558 contigisse
884 1510 1017 1547 asserit.
1072 1510 1123 1545 At
1146 1522 1251 1557 neq.;
1278 1510 1316 1545 in
1343 1510 1526 1547 Generalis
1552 1511 1709 1560 Capituli
1725 1512 1838 1556 Actis,

308 1572 442 1608 Romae
459 1572 498 1607 in
515 1576 638 1607 nostro
658 1571 848 1608 Oonuentu
867 1571 900 1608 S.
921 1571 1034 1607 Marie
1061 1584 1168 1619 super
1187 1572 1391 1608 Mineruam
1408 1569 1543 1617 eodem,
1563 1586 1657 1609 anno
1673 1574 1712 1609 in
1732 1574 1838 1610 Festo

306 1634 539 1670 Pentecostes
553 1634 721 1669 celebrati
737 1632 846 1681 (quod
860 1633 918 1669 die
936 1646 970 1670 x.
987 1633 1081 1682 Iunij
1099 1632 1277 1682 contigit),
1292 1635 1330 1670 in
1342 1634 1465 1683 quoin
1475 1634 1683 1671 Generalem
1696 1635 1840 1671 Ordinis

304 1697 522 1745 Magistrum
539 1709 603 1744 per
616 1708 843 1732 communem
855 1694 1124 1743 inspirationem
1137 1695 1209 1731 fuit
1221 1696 1440 1732 vnanimiter
1453 1697 1586 1733 electus
1603 1697 1642 1734 P.
1656 1697 1695 1733 F.
1711 1697 1839 1733 Saluus

305 1759 451 1795 Oasetta
479 1758 777 1799 Panormitanus;
812 1753 928 1805 neque
955 1756 995 1792 in
1022 1756 1247 1793 antecedenti
1277 1758 1443 1806 Oapitulo¹
1471 1759 1607 1807 Perusij
1636 1759 1703 1795 sub
1732 1760 1771 1796 P.
1797 1759 1835 1797 F.

304 1821 490 1858 Leonardo
508 1820 553 1856 de
571 1819 772 1855 Mansuetis
789 1832 870 1856 ann.
895 1820 988 1855 1478
1002 1832 1011 1861 ;
1037 1831 1152 1867 neque
1169 1819 1207 1855 in
1224 1819 1531 1868 subsequentibus,
1550 1821 1711 1857 Romano
1732 1825 1837 1859 1484.

304 1883 371 1920 sub
398 1883 438 1919 P.
467 1882 506 1918 F.
535 1881 800 1918 Bartholomaeo
828 1881 873 1917 de
904 1879 1099 1929 Comatijs3
1133 1880 1272 1917 Veneto
1304 1884 1409 1919 1487.
1439 1884 1505 1920 sub
1528 1884 1568 1920 P.
1597 1884 1635 1920 F.
1670 1884 1839 1920 Ioachino

303 1946 476 1981 Turriano
489 1958 498 1988 ;
521 1946 550 1981 ὅτ
564 1944 661 1992 apud
675 1943 918 1980 Cenomanum
933 1946 1037 1979 1491.
1051 1943 1117 1979 sub
1131 1942 1255 1979 eodem
1268 1944 1443 1993 Magistro
1455 1945 1631 1990 Generali,
1644 1946 1838 1988 celebratis,

304 2008 349 2044 de
367 2008 474 2043 huius
491 2006 701 2042 Prouinciae
719 2006 948 2042 institutione
965 2005 1116 2042 verbum
1134 2005 1279 2054 aliquod
1296 2006 1455 2043 habetur.

380 2070 425 2105 In
454 2070 572 2118 primo
602 2069 641 2106 P.
671 2068 710 2105 F.
739 2068 918 2104 Leonardi
944 2068 988 2104 de
1016 2067 1216 2103 Mansuetis
1246 2068 1442 2115 supradicti
1472 2069 1636 2117 Regesto‚
1666 2070 1763 2118 quod
1793 2071 1838 2106 ab

304 2131 465 2169 eiusdem
485 2131 669 2179 regiminis
695 2130 901 2179 primordijs
926 2129 1064 2178 incipit,
1084 2131 1114 2165 &
1131 2142 1244 2177 vsque
1267 2130 1313 2165 ad
1341 2131 1558 2178 completum
1579 2132 1683 2168 1578.
1703 2145 1838 2169 annum

305 2195 489 2243 sequitur;
518 2191 787 2241 (subsequentia
804 2193 901 2229 enim
917 2192 1040 2240 ipsine„
1056 2192 1086 2228 ὅτ
1100 2204 1342 2227 successorum
1360 2205 1472 2241 vsque
1490 2192 1536 2228 ad
1553 2193 1711 2229 eiusdem
1730 2195 1839 2230 seculi

304 2269 442 2295 annum
460 2259 517 2292 91.
536 2253 723 2303 deficiunt)
743 2255 782 2291 in
798 2254 974 2303 principio
993 2254 1037 2290 de
1055 2253 1121 2290 hae
1139 2266 1221 2290 cum
1238 2253 1384 2302 reliquis
1401 2259 1489 2290 tunc
1506 2256 1676 2303 temporis
1694 2255 1838 2293 Ordinis

302 2318 505 2366 Prouineijs
523 2318 576 2353 ita
592 2318 727 2353 mentio
744 2317 905 2353 habetur.

362 2439 374 2458 1
390 2417 592 2447 Constantianos
605 2414 800 2442 Declarationes
814 2417 836 2440 et
852 2413 1035 2441 Ordinationes
1050 2413 1230 2448 Capitulorum
1247 2413 1411 2440 Generalium
1426 2414 1450 2441 S.
1467 2414 1575 2441 Ordinis
1588 2416 1712 2450 Praedia,
1723 2417 1754 2444 ab
1769 2427 1838 2446 amm-o

300 2465 436 2494 MOOXX.
450 2472 528 2499 usque
541 2463 577 2489 ad
592 2462 626 2489 M
626 2461 702 2489 DGL.
749 2460 897 2487 Emanatae
911 2460 927 2487 a
941 2460 1021 2487 Patre
1035 2460 1181 2487 Vincentio
1202 2459 1290 2486 Maria
1310 2459 1440 2487 Fontana.
1480 2461 1545 2487 Pars
1563 2462 1687 2489 secunda.
1727 2463 1836 2498 Romae,

300 2511 456 2541 MDOLVI.
472 2519 517 2546 pp.
537 2509 654 2537 169-70.
