2130 2962
306 202 345 232 90
558 200 775 233 OHARTERS
798 201 849 233 OF
872 202 954 233 THE
976 202 1125 233 FRIARS
1147 200 1391 232 PREAOHERS
1414 201 1466 232 OF
1487 201 1582 232 AYR.

305 293 530 344 benignitate
554 295 785 344 dignaremur
801 295 876 332 Nos
894 301 1015 333 autem
1033 295 1078 332 ad
1095 300 1279 332 tantorum
1306 298 1512 330 sanctorum
1529 294 1658 330 merita
1675 298 1712 330 et
1730 305 1838 329 vene-

306 358 484 394 racionem
506 358 670 394 debitum
694 363 895 407 respectum
917 358 1089 395 habentes
1106 356 1312 394 huiusmodi
1329 356 1654 405 supplicacionibus
1671 354 1837 392 inclinati

307 420 490 456 devotioni
513 426 631 458 vestre
651 426 693 457 ut
722 422 889 470 quociens
924 422 1019 458 dicte
1044 421 1261 458 festivitates
1292 419 1506 456 Sanctorum
1531 418 1714 455 Dominici
1739 417 1838 454 Petri

307 482 465 519 Martiris
491 483 625 520 Thome
651 484 695 520 de
721 484 865 533 Aquino
892 489 928 520 et
953 483 1136 531 Vincencij
1167 495 1207 519 ac
1234 482 1363 518 Sancte
1390 481 1580 517 Oatherine
1606 480 1774 517 Senensis
1799 485 1837 516 et

308 558 429 582 earum
446 550 572 582 octave
589 546 908 595 quomodocunque
925 551 962 582 et
977 559 1042 594 per
1058 545 1332 582 translacionem
1356 543 1565 580 celebrande
1583 547 1773 579 occurrunt
1797 542 1837 579 in

306 613 466 656 tempore
492 621 562 657 quo
579 609 742 645 civitates
763 608 896 656 oppida
921 613 957 644 et
981 609 1058 644 loca
1084 606 1320 643 ecclesiastico
1354 606 1547 642 interdicto
1573 611 1610 642 et
1641 605 1836 654 apostolica

308 671 519 706 auctoritate
537 676 622 706 sunt
640 671 824 718 supposita
840 671 878 706 in
895 670 1051 706 ecclesiis
1068 670 1257 705 domorum
1275 673 1473 705 vestrarum
1490 673 1527 704 et
1539 668 1835 705 monasteriorum

308 745 459 780 quorum
476 746 559 769 cura
575 738 693 769 vestro
711 732 827 768 ordini
844 737 897 768 est
914 732 1103 768 commissa
1120 731 1190 767 nisi
1207 731 1352 767 ecclesie
1369 731 1444 779 ipse
1461 731 1520 767 vel
1537 744 1601 767 vos
1619 731 1834 767 nominatim

306 794 490 831 interdicti
507 795 585 831 sitis
602 795 660 831 vel
678 807 820 831 causam
845 794 1014 830 dederitis
1047 793 1240 829 interdicto
1265 793 1324 829 vel
1350 806 1493 830 causam
1510 793 1662 829 foveatis
1687 793 1834 841 possitis

306 856 459 904 pulsatis
485 856 665 904 campanis
690 856 823 904 apertis
845 855 965 904 januis
982 855 1183 891 interdictis
1201 860 1237 891 et
1256 856 1571 892 excommunicatis
1590 856 1743 892 exclusis
1760 856 1835 892 alta

307 931 394 954 voce
411 919 537 954 missas
555 923 591 954 et
608 918 677 954 alia
702 918 826 954 divina
853 918 967 953 officia
989 918 1117 953 diurna
1135 923 1171 953 et
1194 922 1368 954 nocturna
1385 918 1423 953 in
1441 917 1566 954 diebus
1591 918 1832 955 festivitatum

307 980 499 1016 earundem
517 985 553 1016 et
570 980 706 1015 octavis
719 992 840 1015 earum
852 979 1048 1027 respective
1063 979 1276 1015 durantibus
1293 984 1330 1015 et
1347 979 1377 1015 si
1393 992 1457 1027 per
1474 985 1617 1016 octavas
1635 981 1729 1028 ipsas
1743 985 1780 1016 et
1793 981 1832 1016 in

307 1043 365 1079 die
379 1047 585 1079 octavarum
598 1054 671 1077 non
687 1041 757 1077 nisi
774 1041 944 1077 memoria
956 1041 1000 1076 de
1015 1040 1154 1077 Sanctis
1167 1041 1254 1089 ipsis
1268 1041 1368 1077 fieret
1380 1042 1490 1078 libere
1501 1047 1538 1078 et
1547 1042 1644 1078 licite
1657 1042 1831 1079 celebrare

306 1105 518 1141 auctoritate
539 1103 732 1151 apostolica
750 1103 977 1139 concedimus
994 1116 1058 1151 per
1074 1108 1254 1151 presentes
1273 1117 1314 1139 ac
1330 1104 1497 1140 volumus
1513 1109 1555 1140 ut
1572 1105 1740 1152 quociens
1758 1105 1831 1141 die-

304 1172 423 1202 tarum
436 1166 677 1202 festivitatum
690 1170 727 1201 et
740 1170 946 1201 octavarum
960 1165 1153 1201 earundem
1171 1166 1426 1202 celebraciones
1445 1166 1603 1215 qualibet
1621 1180 1664 1203 ex
1678 1180 1782 1203 causa
1795 1172 1832 1204 et

305 1234 405 1265 extra
421 1233 563 1275 tempus
576 1227 759 1263 interdicti
772 1227 1030 1263 transferentur
1043 1232 1079 1263 et
1092 1227 1317 1276 indulgencie
1332 1228 1447 1264 dictas
1464 1228 1628 1265 ecelesias
1641 1229 1679 1265 in
1695 1229 1832 1266 festivi-

303 1290 438 1327 tatibus
455 1290 660 1326 huiusmodi
677 1294 713 1326 et
729 1302 792 1337 per
809 1302 930 1325 earum
947 1294 1091 1325 octavas
1108 1290 1341 1326 visitantibus
1358 1303 1422 1338 pro
1436 1295 1597 1339 tempore
1611 1304 1772 1328 concesse
1786 1292 1833 1329 ad

304 1359 447 1401 tempus
473 1351 720 1389 celebracionis
745 1351 953 1387 huiusmodi
978 1352 1052 1387 sint
1077 1357 1113 1388 et
1139 1357 1352 1388 censeantur
1380 1353 1555 1390 translate
1585 1354 1751 1403 quodque
1786 1354 1833 1392 ad

305 1416 470 1452 effectum
486 1415 740 1463 premissorum
756 1414 892 1449 nullam
910 1414 954 1449 de
972 1414 1123 1450 indultis
1142 1419 1178 1450 et
1194 1415 1394 1463 privilegijs
1407 1415 1577 1463 predictis
1592 1416 1702 1452 fidem
1718 1417 1832 1454 facere

303 1477 498 1514 teneamini
515 1477 579 1512 sed
595 1480 777 1524 presentes
794 1475 852 1511 vel
869 1488 991 1511 earum
1010 1481 1241 1524 transumpta
1266 1477 1396 1524 quibus
1413 1490 1523 1513 manu
1539 1479 1668 1527 notarij
1696 1480 1832 1528 publici

304 1539 514 1587 subscriptis
531 1543 567 1574 et
579 1538 696 1586 sigillo
714 1537 861 1573 alicuius
874 1537 912 1572 in
931 1537 1107 1585 dignitate
1125 1538 1362 1574 ecclesiastica
1379 1540 1568 1576 constituti
1585 1542 1735 1578 munitis
1752 1555 1831 1578 eam

303 1613 445 1649 prorsus
470 1601 578 1636 fidem
604 1612 671 1647 que
697 1599 784 1646 ipsis
813 1599 1035 1646 presentibus
1061 1599 1290 1636 adhiberetur
1315 1601 1537 1637 decernimus
1565 1608 1601 1638 et
1627 1604 1831 1641 adhibenda

303 1663 436 1710 ubique
449 1661 600 1697 sufficiat
613 1673 686 1696 non
699 1660 923 1696 obstantibus
937 1661 1257 1697 constitucionibus
1271 1667 1307 1697 et
1325 1662 1613 1700 ordinacionibus
1627 1666 1831 1712 apostolicis

305 1737 346 1760 ac
375 1725 414 1759 in
438 1722 716 1771 provincialibus
749 1727 786 1758 et
810 1722 1029 1758 sinodalibus
1064 1723 1222 1771 concilijs
1256 1725 1405 1760 statutis
1436 1730 1473 1761 et
1507 1727 1828 1764 consuetudinibus

302 1786 505 1833 juramento
524 1783 791 1819 confirmacione
808 1784 1002 1831 apostolica
1018 1784 1078 1820 vel
1091 1785 1217 1832 quavis
1235 1786 1305 1821 alia
1322 1786 1492 1823 firmitate
1508 1787 1681 1824 roboratis
1699 1790 1830 1837 quibus

306 1846 471 1883 omnibus
500 1845 572 1881 illis
599 1844 685 1880 alias
714 1844 753 1880 in
779 1857 841 1880 suo
871 1844 994 1881 robore
1020 1847 1260 1893 permansuris
1288 1860 1332 1883 ex
1360 1853 1455 1884 certa
1485 1849 1637 1885 sciencia
1667 1863 1830 1899 expresse

305 1908 516 1956 derogamus
534 1906 729 1954 ceterisque
747 1906 934 1954 contrarijs
952 1907 1221 1956 quibuscunque
1240 1908 1376 1944 Datum
1401 1909 1515 1946 Rome
1540 1911 1637 1959 apud
1655 1912 1830 1951 Sanctum

306 1970 453 2006 Petrum
480 1969 546 2005 sub
563 1968 696 2004 annulo
722 1968 906 2016 piscatoris
924 1968 982 2005 die
999 1969 1086 2017 xxiij
1107 1969 1131 2005 J
1132 1970 1193 2018 ulij
1214 1970 1255 2006 M
1287 1970 1337 2006 D0
1354 1971 1442 2019 xviij
1463 1973 1697 2020 pontificatus
1714 1977 1832 2013 nostri

303 2044 396 2068 anno
413 2030 540 2067 sexto,1
1344 2032 1618 2072 EvANcsmsrA.
1650 2036 1727 2074 Os.

379 2093 457 2130 Hec
483 2096 537 2129 est
560 2105 644 2128 vera
669 2091 770 2140 copia
803 2092 1009 2140 principalis
1042 2093 1143 2129 litere
1170 2083 1384 2130 sanctissimi
1417 2095 1456 2131 in
1485 2096 1629 2134 Christo
1655 2100 1768 2147 patris
1794 2107 1831 2139 et

452 2154 589 2191 domini
605 2154 718 2189 nostri
735 2153 871 2189 domini
885 2154 1014 2190 Leonis
1030 2154 1154 2190 divina
1170 2156 1399 2203 providencia
1415 2170 1507 2206 pape
1521 2160 1651 2197 decimi
1668 2175 1750 2199 cum
1768 2177 1832 2202 suo

453 2216 615 2265 originali
631 2216 670 2251 in
690 2216 854 2252 omnibus
872 2216 945 2252 suis
961 2217 1105 2264 punctis
1123 2221 1159 2253 et
1184 2217 1343 2254 articulis
1362 2221 1580 2259 concordans
1598 2224 1643 2260 de
1659 2226 1768 2263 verbo
1794 2227 1833 2264 in

451 2278 601 2315 verbum
614 2277 767 2314 fideliter
781 2278 920 2326 copiata
938 2283 974 2315 et
991 2279 1220 2315 collationata
1236 2293 1301 2328 per
1317 2294 1374 2318 me
1391 2282 1638 2322 Alexandrum
1657 2287 1834 2328 Makneill

451 2340 632 2377 notarium
649 2340 835 2388 publicum
853 2340 919 2377 sub
937 2341 1025 2377 meis
1043 2341 1144 2390 signo
1161 2346 1198 2378 et
1214 2342 1477 2392 subscripcione
1494 2349 1731 2389 manualibus.

821 2416 1056 2453 ALEXANDER
1072 2417 1255 2454 MAKNEIL
1271 2420 1432 2457 notarius
1449 2422 1615 2470 publicus

675 2478 720 2514 ad
737 2478 909 2527 premissa
925 2478 1117 2527 requisitus
1135 2484 1227 2516 teste
1245 2493 1355 2519 manu
1376 2485 1518 2532 propria
1535 2486 1754 2537 subscripsit.

496 2560 506 2576 ยน
527 2560 563 2587 In
576 2560 631 2587 this
645 2560 700 2587 and
712 2560 759 2588 the
772 2561 917 2597 preceding
931 2561 1075 2588 document
1088 2562 1135 2589 the
1148 2571 1283 2598 grammar
1296 2564 1319 2592 is
1332 2564 1490 2603 frequently
1504 2568 1641 2597 incorrect.
