2130 2962
554 189 773 221 CHARTERS
795 191 846 222 OF
868 192 951 222 THE
973 189 1122 223 FRIARS
1145 193 1390 226 PREAOHERS
1413 196 1465 227 OF
1485 196 1579 228 AYR.
1777 200 1836 229 105

294 288 331 320 et
356 283 460 333 regni
484 285 599 321 nostri
624 285 795 322 vicesimo
822 286 951 335 quinto
979 286 1206 335 Quoquidem
1228 288 1343 325 sasine
1365 295 1533 338 precepto
1559 290 1610 327 sic
1627 291 1783 339 prelecto
1802 297 1838 329 et

294 346 498 384 astantibus
525 348 725 397 vulgariter
752 349 942 386 enunciato
960 349 1056 385 idem
1073 349 1097 385 J
1099 350 1230 386 acobus
1252 350 1392 400 Kenedj
1412 352 1566 389 ballivus
1583 366 1624 389 ac
1640 354 1838 391 vicecomes

295 409 340 446 de
353 409 420 446 Air
433 410 473 445 in
484 410 552 446 hac
569 416 671 459 parte
685 411 730 448 de
747 411 814 447 Air
827 411 1030 447 antedictus
1043 412 1180 448 ratione
1198 413 1254 449 sui
1271 413 1377 449 officii
1390 427 1431 450 66
1443 415 1565 464 vigore
1579 416 1668 452 (11611
1680 418 1840 465 precepti

295 477 434 509 statum
456 474 612 509 sasinam
629 474 881 510 hereditariam
907 474 1111 523 pariterque
1136 475 1396 523 possessionem
1422 478 1638 525 corporalem
1663 479 1838 515 actualem

297 542 333 572 et
367 536 501 572 realem
527 541 687 572 totarum
718 541 755 572 61
788 537 1012 584 integrarum
1046 537 1285 586 quadraginta
1319 538 1551 576 solidatarum
1584 545 1760 577 terrarum
1794 541 1839 578 de

298 598 520 635 Orawisland
554 604 591 636 et
627 598 815 635 Oastlehill
849 599 1002 635 duarum
1036 612 1234 635 mercarum
1268 600 1313 636 de
1348 600 1466 637 Freris
1505 602 1697 640 Dalkeithe
1731 604 1838 640 unius

297 666 455 698 mercate
471 666 565 698 terre
583 674 665 697 cum
683 666 820 709 septem
841 661 931 697 acris
951 666 1045 698 terre
1067 661 1111 698 de
1129 661 1315 699 Freirland
1333 663 1531 711 jacentium
1548 665 1642 701 inter
1658 670 1769 701 terras
1796 665 1840 702 de

299 723 576 760 M‘Knaristoun
596 723 642 759 ab
659 736 732 759 una
758 729 795 760 et
814 729 926 760 terras
953 724 998 760 de
1025 724 1197 760 Blakstob
1221 725 1265 761 ab
1293 726 1404 762 altera
1431 726 1593 774 partibus
1620 727 1714 763 infra
1740 728 1840 764 terri-

298 787 434 823 torium
476 786 566 822 dicti
598 785 705 834 burgi
741 791 778 822 et
811 786 1104 823 vicecomitatum
1139 787 1299 824 eiusdem
1332 788 1440 824 unius
1481 789 1707 837 portiuncule
1748 795 1841 826 terre

298 853 506 897 nuncupate
545 848 780 885 Freirisfauld
813 854 984 897 occupate
1017 863 1081 898 per
1113 849 1323 886 Villelmum
1352 850 1510 887 Wallace
1545 851 1589 887 de
1624 851 1841 899 Quhythous

295 911 450 960 jacentis
475 911 571 947 inter
595 916 845 956 tenementum
871 916 907 947 et
932 917 1046 948 terras
1071 912 1095 948 J
1097 912 1247 948 ohannis
1265 912 1421 949 Wallace
1439 913 1483 949 de
1510 913 1635 962 Cragie
1653 914 1697 950 ab
1715 927 1788 950 una
1805 919 1841 951 et

299 986 431 1022 aquam
448 973 493 1009 (16
511 973 579 1011 Α11
596 972 641 1009 ab
662 973 776 1009 altera
800 973 964 1021 partibus
992 974 1102 1010 trium
1132 987 1294 1010 acrarum
1321 979 1496 1010 terrarum
1519 975 1717 1023 jacentium
1745 976 1841 1024 apud

300 1035 496 1072 australem
526 1035 637 1071 finem
667 1035 758 1071 dicti
786 1035 892 1085 burgi
922 1036 991 1072 (1116
1026 1037 1218 1072 6611111(16111
1252 1042 1508 1085 nuncupantur
1542 1037 1770 1085 Snapisfauld
1805 1043 1842 1073 et

300 1099 414 1135 altera
437 1098 633 1135 earundem
648 1103 799 1135 vocatur
815 1098 862 1134 116
879 1098 998 1134 Ducat
1019 1099 1117 1135 aiker
1135 1103 1387 1146 occupatarum
1403 1111 1468 1146 per
1484 1099 1682 1135 Robertum
1698 1099 1842 1135 Renkin

300 1161 414 1197 trium
432 1174 595 1197 acrarum
613 1166 790 1197 terrarum
807 1167 1096 1209 nuncupatarum
1115 1161 1256 1198 Cruikit
1273 1161 1401 1197 aikires
1418 1173 1482 1208 per
1497 1160 1533 1196 N
1534 1161 1734 1209 ynnianum
1750 1161 1841 1197 Reid

300 1228 558 1271 occupatarum
589 1223 789 1271 jacentium
822 1224 918 1259 inter
951 1229 1063 1259 terras
1097 1224 1246 1259 Roberti
1279 1223 1442 1259 Renkine
1476 1223 1521 1259 ab
1554 1236 1627 1259 una
1661 1228 1697 1259 et
1730 1228 1842 1259 terras

301 1286 465 1322 Villelmi
507 1286 696 1323 Cauldvell
738 1286 782 1321 de
828 1286 1059 1322 Lochermoss
1100 1285 1264 1333 partibus
1307 1285 1419 1321 altera
1459 1285 1566 1322 unius
1608 1285 1706 1333 pecie
1749 1290 1842 1321 terre

302 1354 454 1386 vocatur
492 1348 692 1396 Skynneris
727 1348 819 1396 yard
858 1361 964 1396 super
1005 1348 1052 1383 lie
1094 1347 1264 1383 mildame
1306 1347 1402 1383 dicti·
1428 1347 1534 1395 burgi
1576 1352 1746 1395 occupate
1779 1360 1843 1395 per

302 1411 506 1448 Ninianum
553 1410 646 1446 Reid
689 1410 843 1446 duarum
885 1423 1045 1446 acrarum
1087 1415 1261 1445 terrarum
1304 1413 1556 1456 occupatarum
1598 1422 1662 1457 per
1705 1409 1842 1445 dictum

303 1474 505 1511 Ninianum
534 1473 626 1509 Reid
657 1478 695 1509 et
724 1473 898 1508 Thomam
931 1471 1093 1507 Kenedie
1124 1471 1323 1519 jacentium
1353 1483 1457 1518 super
1490 1471 1537 1506 lie
1567 1471 1728 1506 Milnhill
1754 1471 1842 1507 dicti

303 1537 411 1586 burgi
444 1537 540 1572 inter
572 1541 684 1571 terras
719 1535 865 1583 Georgii
898 1534 1062 1570 Kenedie
1096 1533 1140 1569 ab
1163 1540 1247 1569 'una
1281 1537 1317 1568 et
1352 1537 1464 1568 terras
1498 1532 1646 1568 Roberti
1679 1532 1842 1568 Renkine

303 1600 469 1649 partibus
493 1599 538 1635 ab
565 1598 678 1634 altera
705 1597 812 1633 unius
837 1609 917 1633 6616
944 1601 1035 1631 16116
1060 1595 1215 1643 jacentis
1243 1607 1348 1642 super
1375 1594 1463 1630 dicti
1489 1594 1536 1630 lie
1562 1595 1723 1630 Milnhill
1750 1595 1844 1631 inter

302 1669 417 1700 terras
436 1661 582 1710 Georgii
600 1660 763 1696 Kenedie
781 1659 825 1695 ab
842 1671 915 1694 una
933 1663 969 1694 et
985 1662 1097 1693 terras
1114 1657 1138 1693 J
1140 1657 1289 1693 ohannis
1306 1656 1464 1692 Lokhert
1480 1656 1643 1704 partibus
1662 1656 1706 1692 ab
1732 1657 1844 1692 altera

305 1731 445 1774 septem
479 1736 643 1761 acrarum
676 1727 853 1758 terrarum
883 1720 1085 1768 jacentium
1119 1719 1214 1755 inter
1246 1723 1358 1754 terras
1392 1718 1416 1754 J
1418 1718 1568 1754 ohannis
1603 1719 1764 1755 Cochran
1798 1719 1842 1754 ab

303 1802 377 1826 una
394 1793 432 1825 et
448 1793 563 1823 terras
579 1786 603 1822 J
605 1784 756 1821 ohannis
774 1782 933 1819 Lokhert
949 1781 1113 1830 partibus
1136 1780 1181 1817 ab
1205 1781 1315 1816 altera
1342 1781 1454 1816 trium
1482 1793 1643 1816 acrarum
1670 1786 1844 1816 terrarum

304 1855 480 1888 vocantur
514 1846 749 1885 Freirisfauld
783 1849 1037 1893 occupatarum
1070 1856 1134 1891 per
1164 1843 1338 1878 Thomam
1371 1842 1492 1878 Miller
1520 1842 1720 1890 jacentium
1749 1842 1845 1878 inter

305 1920 420 1951 terras
434 1911 561 1949 Jacobi
574 1911 792 1958 Bannatyne
805 1908 850 1944 ab
864 1920 937 1943 una
951 1911 987 1942 et
1000 1911 1112 1942 terras
1125 1905 1149 1941 J
1150 1905 1299 1940 ohannis
1316 1904 1477 1940 Lokhert
1492 1904 1654 1952 partibus
1672 1904 1716 1940 ab
1734 1904 1845 1942 altera

303 1977 417 2013 trium
431 1986 595 2012 acrarum
607 1978 785 2009 terrarum
798 1983 881 2006 cum
898 1967 1129 2017 pertinenciis
1147 1971 1399 2014 occupatarum
1413 1979 1476 2014 per
1489 1965 1514 2001 J
1514 1966 1690 2002 ohannem
1701 1966 1845 2002 Hunter

304 2040 343 2077 in
370 2039 613 2076 Holmestoun
639 2047 721 2071 cum
748 2032 899 2081 singulis
926 2031 1000 2067 suis
1029 2029 1259 2078 pertinenciis
1282 2028 1480 2076 jacentium
1507 2028 1601 2064 infra
1626 2028 1845 2065 territorium

304 2102 397 2140 dicti
429 2099 538 2148 burgi
573 2103 609 2134 et
643 2095 935 2133 vicecomitatum
971 2092 1130 2128 eiusdem
1168 2090 1317 2126 Necnon
1358 2095 1519 2125 totorum
1553 2094 1589 2125 et
1623 2090 1844 2138 integrorum

303 2163 594 2203 molendinorum
629 2160 673 2196 de
703 2158 770 2194 Air
799 2157 877 2193 ovir
907 2161 944 2192 et
973 2154 1100 2191 nether
1134 2166 1215 2189 cum
1245 2153 1318 2188 suis
1353 2151 1506 2187 astrictis
1539 2152 1707 2188 multuris
1740 2152 1845 2188 terris

305 2224 577 2266 molendinariis
621 2227 658 2258 et
696 2219 850 2269 sequelis
889 2218 1050 2255 eiusdem
1087 2228 1243 2252 unacum
1277 2214 1431 2250 dammis
1454 2219 1498 2250 -et
1532 2214 1645 2250 crueis
1685 2214 1844 2251 eiusdem

303 2292 359 2329 Ac
383 2290 494 2326 etiam
511 2285 646 2335 viginti
662 2284 837 2320 librarum
855 2286 999 2319 monete
1017 2279 1134 2316 Scotie
1154 2290 1353 2314 annuorum
1371 2276 1578 2312 reddituum
1595 2276 1689 2312 infra
1706 2276 1844 2313 dictum

304 2355 462 2402 burgum
492 2354 529 2386 et
559 2351 769 2385 tenementa
799 2345 960 2382 eiusdem
990 2340 1177 2379 annuatim
1209 2338 1444 2375 levandorum
1472 2338 1622 2387 triginta
1651 2338 1845 2375 solidorum

303 2420 449 2454 monete
465 2412 627 2463 predicte
645 2410 757 2447 annui
774 2408 938 2445 redditus
956 2406 1000 2442 de
1018 2405 1140 2441 decem
1163 2401 1326 2439 solidatis
1343 2406 1519 2437 terrarum
1537 2401 1581 2437 de
1600 2400 1845 2449 Quhytstanes

300 2476 504 2529 jacentium
530 2479 573 2511 ut
595 2486 704 2522 supra
731 2476 985 2520 occupatarum
1012 2481 1075 2517 per
1102 2464 1313 2502 Eduardum
1343 2462 1458 2512 Legat
1486 2463 1673 2500 annuatim
1700 2463 1846 2500 levandi

1064 2541 1086 2566 P
