2130 2962
306 208 346 237 84
566 206 782 238 CHARTERS
805 208 857 239 OF
878 208 961 238 THE
983 206 1132 238 FRIARS
1155 205 1400 237 PREAGHERS
1423 206 1475 236 OF
1496 206 1589 237 AYR.

305 299 531 336 ecclesiarum
545 305 581 337 et
595 301 755 338 omnium
769 302 918 338 aliorum
931 301 1183 338 beneficiorum
1197 298 1512 336 ecclesiasticorum
1526 312 1594 347 que
1605 312 1670 347 pro
1681 304 1842 348 tempore

306 362 471 399 obtinent
496 376 635 400 necnon
659 364 896 401 inhabilitatis
922 364 968 400 ad
990 364 1053 400 illa
1070 368 1106 400 et
1125 363 1195 399 alia
1222 362 1445 409 inposterum
1472 361 1668 397 obtinenda
1695 375 1736 398 eo
1761 362 1840 410 ipso

305 438 369 473 per
403 425 698 462 contrafacientes
727 427 948 463 incurrendis
981 426 1083 475 penis
1112 437 1158 461 ne
1192 423 1334 460 eosdem
1368 423 1495 459 fratres
1529 428 1654 459 contra
1679 423 1840 472 ipsorum

305 488 495 537 privilegia
519 489 708 525 molestare
741 494 949 538 presumant
976 494 1038 524 aut
1063 487 1223 536 personis
1249 485 1468 534 quibuslibet
1502 485 1748 522 ecclesiasticis
1781 486 1841 522 vel

305 551 522 587 secularibus
547 552 586 587 in
610 564 738 600 genere
755 552 814 588 vel
839 553 878 587 in
904 551 1019 599 specie
1049 551 1184 586 directe
1201 549 1260 585 vel
1286 548 1461 585 indirecte
1489 547 1626 596 aliquid
1652 548 1841 584 inhibeant

304 613 502 661 precipiant
528 618 591 649 aut
616 614 702 650 alias
727 614 894 649 ordinent
910 613 968 649 vel
985 617 1147 649 statuant
1168 611 1358 660 quominus
1374 610 1501 646 fratres
1528 610 1663 646 ordinis
1687 610 1841 658 predicti

305 679 342 710 613
368 675 510 711 illorum
536 675 663 711 domus
681 680 717 712 et
733 676 946 723 professores
971 674 1168 723 privilegiis
1186 678 1222 709 et
1239 673 1367 722 graciis
1385 673 1435 709 eis
1453 672 1761 710 concessis1libere
1783 673 1840 709 uti

304 737 444 784 possint
486 737 534 772 Et
551 738 780 785 postmodum
797 750 862 773 nos
886 738 925 773 in
950 737 1142 773 novissimo
1161 736 1392 772 Lateranensi
1409 736 1559 772 concilio
1576 735 1839 772 decreverimus

305 798 400 846 quod
418 804 562 846 peccata
579 812 643 835 sua
667 799 836 835 fratribus
857 799 1148 835 Mendicantibus
1173 797 1379 833 huiusmodi
1403 798 1616 846 presentatis
1639 798 1837 834 secundum

306 860 565 896 Clementinam
607 861 899 897 constitutionem
938 861 1136 908 predictam
1171 865 1207 896 et
1241 860 1405 895 admissis
1438 860 1496 896 vel
1530 860 1643 897 eciam
1676 861 1836 897 indebite

304 923 475 958 recusatis
502 922 652 958 confessi
678 923 929 958 constitucioni
956 935 1025 971 que
1051 923 1181 970 incipit
1207 922 1332 958 Omnis
1352 922 1536 971 utriusque
1563 935 1668 959 sexus
1692 936 1762 972 quo
1789 923 1836 959 ad

305 984 561 1019 confessionem
586 984 765 1020 duntaxat
791 985 1003 1020 satisfecisse
1029 989 1238 1020 censeantur
1259 989 1296 1020 et
1316 984 1577 1020 concessionem
1602 985 1835 1033 impendendi

304 1050 526 1081 sacramenta
554 1045 715 1093 predicta
743 1046 1016 1082 limitaverimus
1042 1046 1082 1081 in
1107 1050 1277 1082 eventum
1310 1045 1478 1082 videlicet
1512 1046 1609 1094 quod
1643 1046 1833 1096 denegacio

302 1112 602 1143 sacramentorum
619 1107 825 1143 huiusmodi
850 1108 926 1143 sine
956 1107 1117 1156 legitima
1147 1120 1253 1143 causa
1281 1107 1383 1143 fieret
1413 1112 1449 1143 et
1479 1108 1523 1143 de
1549 1108 1611 1144 illa
1627 1109 1834 1146 testimonio

303 1169 502 1205 vicinorum
520 1182 581 1205 seu
598 1169 729 1205 notarii
746 1169 881 1217 publici
898 1169 982 1205 inde
999 1170 1114 1217 rogati
1131 1168 1203 1205 fide
1221 1173 1399 1205 constaret
1416 1182 1551 1205 necnon
1574 1182 1638 1217 per
1660 1171 1834 1218 quasdam

302 1235 441 1265 nostras
458 1230 496 1266 in
513 1230 626 1266 forma
643 1230 761 1266 brevis
779 1230 900 1267 literas
919 1231 1215 1267 declaraverimus
1243 1231 1430 1267 audientes
1457 1231 1584 1267 missas
1611 1232 1651 1268 in
1678 1233 1834 1270 ecclesiis

302 1292 453 1328 fratrum
491 1293 658 1328 ordinum
691 1293 981 1329 Mendicancium
1015 1293 1204 1329 dominicis
1239 1298 1276 1329 et
1310 1293 1389 1329 aliis
1424 1293 1565 1329 festivis
1600 1294 1727 1331 diebus
1761 1309 1834 1332 non

302 1358 508 1402 contempto
549 1355 692 1402 proprio
731 1355 912 1391 sacerdote
954 1355 1157 1391 satisfacere
1193 1360 1362 1402 precepto
1397 1356 1542 1391 ecclesie
1577 1356 1622 1392 de
1655 1357 1835 1394 audienda

302 1416 410 1451 missa
452 1428 517 1452 nec
560 1416 716 1464 aliquam
757 1416 875 1452 labem
915 1416 1054 1464 peccati
1087 1416 1248 1451 mortalis
1290 1429 1487 1463 poenamve
1529 1418 1707 1455 incurrere
1779 1419 1834 1456 Ac

302 1477 447 1513 demum
473 1490 537 1525 per
562 1477 648 1513 alias
673 1483 814 1513 nostras
845 1477 956 1513 eciam
981 1477 1019 1512 in
1045 1477 1158 1512 forma
1185 1477 1300 1513 brevis
1330 1477 1451 1514 literas
1477 1480 1597 1515 omnia
1627 1485 1664 1516 et
1692 1481 1835 1530 singula

301 1538 488 1586 privilegia
505 1539 611 1575 dictis
628 1539 798 1575 fratribus
816 1551 981 1574 concessa
998 1538 1105 1574 salvis
1123 1538 1230 1574 dictis
1254 1539 1557 1577 moderationibus
1583 1542 1834 1580 Lateranensis

302 1601 442 1636 concilii
466 1601 777 1648 approbaverimus
796 1606 832 1637 et
849 1601 1175 1636 confirmaverimus
1199 1614 1239 1636 ac
1256 1601 1318 1637 illa
1335 1614 1417 1637 cum
1443 1602 1550 1638 dictis
1575 1604 1831 1641 moderacioni-

301 1661 368 1697 bus
386 1662 497 1697 eciam
522 1668 624 1698 motu
648 1663 791 1710 proprio
819 1662 1109 1697 innovaverimus
1135 1667 1242 1709 prout
1268 1663 1306 1697 in
1332 1663 1484 1710 singulis
1511 1665 1832 1702 constitucionibus

301 1728 337 1759 et
354 1724 468 1759 literis
493 1724 661 1772 predictis
677 1724 816 1772 plenius
835 1724 1040 1759 continetur
1064 1724 1306 1760 Nihilominus
1324 1724 1417 1760 sicut
1443 1726 1644 1773 accepimus
1670 1727 1832 1776 plerique

301 1785 471 1821 ordinarii
496 1786 653 1821 locorum
677 1790 714 1821 et
738 1785 999 1833 parrochalium
1028 1785 1255 1821 ecclesiarum
1281 1791 1434 1822 rectores
1457 1786 1496 1822 in
1523 1787 1674 1824 diversis
1703 1791 1833 1826 mundi

300 1847 462 1895 partibus
479 1847 619 1895 proprie
636 1847 762 1882 salutis
778 1847 1002 1882 immemores
1020 1846 1157 1895 Dcique
1175 1852 1212 1883 et
1229 1847 1462 1883 ecclesiastice
1481 1861 1626 1885 censure
1644 1850 1772 1888 timore
1789 1865 1831 1889 ac

300 1908 492 1956 apostolice
518 1908 611 1944 sedis
634 1908 834 1944 reverencia
850 1908 1059 1956 postpositis
1084 1909 1265 1956 predicare
1284 1914 1320 1945 et
1336 1909 1512 1957 predicari
1537 1911 1652 1948 facere
1669 1925 1744 1949 non
1760 1914 1829 1951 for-

300 1970 441 2005 midant
454 1982 526 2005 non
539 1970 643 2005 licere
657 1982 777 2005 eorum
794 1970 1035 2017 parrochianis
1053 1975 1198 2019 peccata
1215 1984 1280 2006 sua
1292 1971 1460 2007 fratribus
1477 1973 1580 2009 iuxta
1597 1974 1733 2012 dictam
1747 1990 1830 2013 con-

300 2031 528 2067 stitucionem
546 2031 805 2067 Clementinam
830 2032 1044 2079 presentatis
1062 2033 1137 2068 sine
1155 2033 1313 2081 ipsorum
1330 2038 1510 2070 rectorum
1535 2036 1653 2083 petita
1668 2038 1768 2086 prius
1794 2045 1832 2076 et

300 2093 447 2129 obtenta
459 2093 607 2129 licencia
621 2093 782 2129 confiteri
794 2098 830 2129 et
843 2094 946 2130 aliter
959 2107 1000 2129 ea
1014 2094 1190 2130 confessos
1203 2095 1249 2130 ad
1266 2095 1328 2131 illa
1344 2107 1466 2132 rursus
1484 2097 1619 2134 eisdem
1635 2101 1833 2139 rectoribus

300 2155 502 2192 confitenda
535 2155 711 2203 obligatos
745 2156 895 2192 existere
929 2156 1026 2204 quod
1059 2157 1090 2192 si
1123 2169 1222 2192 secus
1255 2156 1320 2193 fiat
1355 2159 1405 2193 eis
1435 2166 1660 2197 sacramenta
1692 2164 1833 2211 prefata

299 2217 508 2253 eucharistie
526 2222 562 2253 et
580 2222 737 2253 extreme
754 2218 933 2254 unctionis
951 2218 1151 2254 ministrare
1167 2224 1332 2255 recusant
1359 2219 1563 2270 eisdemque
1589 2225 1833 2272 parrochianis

299 2292 344 2315 ne
378 2279 525 2328 prefatis
558 2278 728 2315 fratribus
763 2279 1001 2315 confiteantur
1033 2292 1123 2316 neve
1158 2280 1204 2315 ad
1239 2292 1361 2318 eorum
1399 2283 1563 2320 ecclesias
1597 2298 1663 2334 pro
1697 2287 1832 2326 divinis

299 2341 486 2378 audiendis
520 2341 645 2378 diebus
678 2341 849 2389 predictis
892 2341 1062 2377 accedant
1105 2341 1305 2389 specialiter
1338 2349 1375 2380 et
1410 2358 1573 2394 expresse
1610 2348 1832 2389 interdicunt

298 2404 424 2440 fratres
457 2416 542 2439 vero
568 2416 720 2452 quorum
750 2404 826 2439 vite
868 2403 1026 2440 subsidio
1059 2403 1219 2440 fidelium
1258 2405 1459 2444 elemosinis
1484 2421 1617 2459 magna
1651 2424 1696 2448 ex
1729 2419 1831 2461 parte

298 2465 496 2502 consulitur
512 2465 720 2503 elemosinas
737 2465 941 2503 huiusmodi
958 2470 1078 2514 petere
1101 2478 1175 2503 non
1191 2468 1409 2516 permittunt
1434 2471 1509 2508 sine
1536 2485 1658 2510 eorum
1683 2474 1832 2514 licencia
