2130 2962
564 205 783 237 OHARTERS
807 205 858 237 OF
881 206 965 237 THE
987 206 1137 238 FRIARS
1160 208 1401 241 PREAOHERS
1424 211 1476 242 OF
1497 211 1591 243 AYR.
1801 215 1840 246 57

306 299 464 337 celdram
496 300 596 337 ordei
621 301 781 350 precium
807 306 962 350 quatuor
994 314 1196 338 marcarum
1232 303 1428 341 existencia
1463 306 1501 342 in
1527 307 1589 343 illa
1618 308 1840 345 assedacione

303 367 481 400 terrarum
499 377 646 400 suarum
663 364 818 400 nemoris
836 363 881 400 de
898 364 1117 413 Dalrimpyll
1137 377 1246 413 quam
1272 379 1368 402 nunc
1385 366 1492 404 habet
1518 369 1713 406 Rollaudus
1739 370 1840 406 Mak-

305 425 449 462 murthe
471 430 580 474 prout
605 426 645 463 in
669 426 785 463 literis
810 426 1066 475 assignacionis
1092 426 1245 475 desuper
1270 428 1441 466 confectis
1466 431 1607 479 plenius
1635 432 1840 468 continetur

306 487 351 524 In
368 487 499 537 quibus
524 501 610 524 vero
635 488 667 525 si
691 488 916 537 negligentes
942 493 1006 524 aut
1031 489 1169 525 remissi
1192 489 1327 526 fuerint
1348 491 1437 528 dicti
1459 493 1555 540 prior
1580 499 1617 530 et
1641 500 1839 531 conventus

306 563 378 586 non
409 550 629 587 celebrantes
655 551 770 587 dictas
804 551 931 587 missas
957 551 1201 587 anniversaria
1231 557 1267 588 et
1295 552 1463 602 obsequia
1488 568 1584 592 more
1609 557 1747 604 prefato
1776 570 1839 605 per

306 613 547 663 quadraginta
581 614 658 650 dies
682 615 851 651 continue
880 615 951 650 nisi
984 614 1119 651 fuerint
1152 616 1318 664 impediti
1350 629 1414 664 per
1443 617 1563 665 ignem
1596 619 1838 666 pestilenciam

305 676 438 712 famem
456 689 518 712 seu
536 689 763 713 communem
780 690 947 726 guerram
967 682 1056 713 tunc
1081 678 1205 714 licebit
1222 678 1318 714 dicte
1336 678 1479 715 domine
1497 685 1534 716 et
1555 680 1629 716 eius
1650 681 1838 717 heredibus

306 743 343 775 et
376 739 415 775 in
450 751 573 775 eorum
607 738 773 775 absencia
806 740 989 788 preposito
1019 740 1163 776 ballivis
1197 745 1233 777 et
1268 741 1518 777 communitati
1551 742 1655 791 burgi
1690 743 1733 779 de
1767 743 1838 780 Are

305 806 416 838 terras
436 801 618 849 predictas
635 806 672 838 et
689 814 826 838 annuos
843 802 1008 838 redditus
1027 803 1096 838 alio
1114 803 1192 839 loco
1210 804 1374 852 religioso
1392 804 1535 840 ecclesie
1552 804 1648 841 beati
1663 805 1687 841 J
1689 805 1838 842 ohannis

305 863 350 900 de
366 863 438 900 Are
454 863 518 900 ubi
536 863 664 900 melius
689 864 864 912 placuerit
883 864 979 901 dicte
997 865 1140 901 domine
1159 870 1195 901 et
1213 866 1289 902 eius
1306 865 1494 902 heredibus
1512 865 1647 902 deferre
1665 866 1726 902 ubi
1744 867 1839 903 dicta

305 927 472 976 suffragia
497 931 534 963 et
559 927 742 963 oraciones
772 927 913 975 possint
947 928 1127 964 observari
1160 928 1267 964 modo
1301 928 1462 976 predicto
1497 928 1545 964 Et
1571 929 1601 964 si
1634 929 1838 965 huiusmodi

305 989 457 1026 tercium
484 989 768 1025 anniversarium
789 1002 863 1025 non
880 989 991 1025 fuerit
1014 990 1232 1038 completum
1258 995 1295 1026 et
1311 990 1533 1026 infeodatum
1550 990 1646 1027 dicta
1663 990 1756 1027 bona
1773 1004 1837 1039 pro

306 1052 381 1088 eius
398 1051 640 1100 complecione
657 1056 802 1099 recepta
819 1052 908 1088 dicti
925 1052 1022 1100 prior
1040 1057 1076 1088 et
1093 1057 1290 1088 conventus
1315 1053 1507 1088 restituent
1533 1052 1663 1100 absque
1680 1066 1837 1101 quocun-

306 1127 374 1163 que
403 1114 664 1163 impedimento
689 1119 732 1149 ut
756 1114 905 1162 provide
935 1114 1142 1150 huiusmodi
1167 1114 1449 1150 anniversarium
1478 1114 1524 1150 ad
1548 1114 1636 1150 bene
1665 1115 1836 1162 placitum

305 1189 535 1225 personarum
560 1175 804 1224 predictarum
830 1177 869 1212 in
894 1177 980 1212 locis
1007 1176 1278 1224 expedientibus
1305 1176 1525 1223 compleatur
1549 1177 1601 1212 ita
1626 1177 1722 1224 quod
1749 1177 1837 1213 dicti

304 1239 400 1288 prior
417 1244 453 1275 et
471 1243 671 1275 conventus
695 1243 732 1274 et
750 1251 872 1274 eorum
897 1251 1114 1275 successores
1140 1238 1203 1286 qui
1228 1251 1293 1286 pro
1318 1242 1477 1285 tempore
1502 1237 1636 1273 fuerint
1659 1238 1836 1285 predictas

305 1307 415 1338 terras
433 1306 470 1338 et
487 1314 626 1338 annuos
649 1301 812 1337 redditus
840 1301 988 1336 minime
1013 1301 1154 1348 possint
1178 1300 1296 1336 levare
1322 1300 1461 1348 exigere
1487 1300 1753 1347 quomodolibet
1778 1301 1835 1336 vel

305 1364 479 1413 requirere
530 1364 579 1400 Et
597 1369 639 1400 ut
662 1363 835 1411 premissa
857 1362 1013 1399 fideliter
1038 1362 1303 1410 imperpetuum
1329 1362 1560 1398 observentur
1584 1362 1836 1398 inviolabiliter

306 1426 423 1463 dictus
447 1426 545 1475 prior
575 1431 612 1462 et
642 1430 840 1462 conventus
871 1438 1010 1461 necnon
1043 1424 1162 1460 dictus
1196 1424 1350 1460 vicarius
1383 1423 1526 1459 nomine
1551 1423 1666 1459 tocius
1701 1423 1835 1459 ordinis

304 1489 528 1525 strictissima
545 1489 660 1525 forma
673 1487 907 1537 obligacionis
922 1492 1007 1522 sunt
1020 1486 1159 1522 astricti
1173 1491 1209 1521 et
1222 1485 1370 1534 obligati
1412 1485 1456 1521 In
1470 1485 1610 1534 signum
1629 1485 1728 1521 cuius
1742 1486 1835 1533 parti

304 1552 410 1588 huius
440 1552 637 1588 endenture
667 1550 868 1587 remanenti
903 1562 985 1585 cum
1019 1548 1117 1584 dicta
1151 1548 1296 1584 domina
1330 1547 1488 1597 sigillum
1522 1547 1679 1594 predicte
1709 1547 1835 1582 domus

304 1619 500 1651 conventus
514 1614 559 1650 de
571 1614 645 1650 Are
659 1626 815 1650 unacum
829 1612 946 1661 sigillo
965 1611 1054 1647 dicti
1066 1610 1192 1646 vicarii
1204 1609 1347 1645 nomine
1360 1610 1475 1645 tocius
1489 1609 1621 1645 ordinis
1636 1614 1689 1645 est
1703 1622 1834 1657 appen-

305 1690 384 1713 sum
434 1677 483 1713 Et
505 1677 603 1725 parti
627 1677 736 1712 huius
762 1675 960 1712 endenture
985 1673 1186 1709 remanenti
1211 1685 1293 1708 cum
1319 1671 1425 1707 dietis
1450 1671 1567 1719 priore
1593 1676 1630 1707 et
1655 1676 1835 1708 conventu

303 1739 459 1788 sigillum
472 1740 566 1776 dicte
578 1739 723 1775 domine
738 1743 792 1775 est
803 1749 1001 1786 appensum
1015 1748 1108 1771 anno
1122 1747 1243 1771 mense
1255 1734 1312 1770 die
1322 1739 1358 1770 et
1370 1734 1447 1770 1000
1458 1734 1625 1782 predictis
1637 1747 1753 1770 coram
1764 1734 1835 1781 hijs

302 1802 453 1839 testibus
470 1802 494 1838 J
495 1802 635 1838 ohanne
652 1802 798 1838 domino
817 1799 1006 1847 Kennydy
1023 1798 1168 1834 domino
1186 1797 1210 1833 J
1211 1797 1351 1833 ohanne
1369 1796 1559 1844 Ohawmyr
1576 1795 1620 1831 de
1634 1795 1835 1844 Gaytgarth

301 1865 415 1901 milite
429 1864 575 1901 domino
594 1864 749 1912 Georgio
767 1862 927 1900 Cambell
941 1861 1070 1898 comite
1083 1860 1128 1896 de
1141 1859 1213 1896 Are
1230 1859 1346 1894 milite
1358 1858 1528 1906 magistro
1541 1857 1562 1893 J
1567 1857 1674 1893 acobo
1685 1857 1835 1893 Dunbar

300 1928 470 1976 magistro
487 1927 511 1963 J
512 1927 653 1963 ohanne
671 1926 823 1975 Lyoune
841 1925 987 1962 domino
1005 1922 1125 1959 David
1143 1922 1363 1958 Robertsone
1377 1920 1556 1969 preposito
1580 1919 1624 1955 de
1641 1919 1833 1967 Monybole

301 1989 475 2033 Quintino
493 1990 598 2026 Mure
617 1989 661 2026 de
679 1989 778 2025 Arde
796 1993 833 2025 et
851 1987 1023 2036 magistro
1040 1984 1221 2021 Willelmo
1238 1982 1378 2030 Lamby
1395 1994 1475 2018 cum
1493 1981 1618 2017 multis
1636 1981 1725 2029 alijs.
