2130 2962
556 207 773 239 GHARTERS
796 208 848 240 OF
870 208 955 239 THE
976 207 1127 239 FRIARS
1149 209 1393 242 PREAOHERS
1416 211 1467 243 OF
1489 212 1582 242 AYR.
1796 212 1832 242 71

299 301 434 339 “Ker's
461 304 641 348 annuall‚''
669 310 733 342 out
751 305 792 342 of
821 305 885 341 the
918 304 1023 341 lands
1058 304 1097 341 of
1129 304 1371 356 Stobredding
1405 308 1477 344 and
1509 308 1698 354 Lachlane,
1733 309 1835 357 lying

296 365 460 403 between
476 367 541 404 the
558 367 662 405 lands
681 368 721 405 of
736 368 911 418 Olongall,
929 368 969 404 in
985 367 1048 404 the
1066 368 1144 405 said
1160 368 1286 418 burgh.
1340 369 1461 407 Dated
1481 371 1569 407 13tl1
1585 371 1609 408 J
1610 372 1674 420 uly
1694 374 1797 408 1503.

354 523 411 558 48.
440 519 585 566 Sasine,
604 521 646 558 in
651 522 796 570 favour
813 522 859 570 of
868 521 924 558 the
941 521 1078 559 Friars
1094 522 1307 568 Preachcrs,
1325 524 1369 572 of
1379 530 1443 560 two
1461 524 1722 570 Αηηααῑφεηίε,
1741 538 1786 562 οη

508 582 735 632 resiynation
753 585 798 633 by
819 583 972 622 Thomas
987 584 1334 634 Kenncoly.—[10th
1351 586 1485 624 March
1506 587 1630 636 1505.]

376 683 421 720 In
438 683 508 720 Dei
525 685 672 721 nomine
690 685 808 722 Amen
825 698 832 722 :
861 685 931 723 Per
947 686 1015 722 hoc
1035 699 1183 735 presens
1200 687 1386 735 publicum
1402 688 1684 724 instrumentum
1701 688 1838 724 cunctis

299 751 423 795 pateat
437 746 623 784 evidenter
640 748 738 796 quod
756 761 851 784 anno
868 748 1131 785 incarnacionis
1149 748 1327 786 dominice
1344 750 1534 786 millesimo
1552 750 1839 798 quingentesimo

300 810 429 858 quinto
448 809 505 845 die
522 822 608 846 vero
626 810 760 846 mensis
778 810 903 859 Marcij
924 811 1063 847 decimo
1088 811 1290 848 indiccione
1315 824 1410 848 nona
1434 811 1838 859 pontificatusvsanctis-

302 872 384 908 simi
400 872 439 907 in
457 871 601 908 Christo
618 872 732 920 patris
750 885 792 909 ac
810 872 947 909 domini
966 873 1106 909 domini
1122 874 1239 909 nostri
1251 873 1275 909 J
1276 873 1339 922 ulij
1360 873 1486 909 divina
1502 873 1732 921 providencia
1748 885 1840 921 pape

302 934 450 971 secundi
464 948 557 971 anno
574 935 686 971 tercio
704 935 744 970 in
758 935 830 971 mei
846 936 978 971 notarii
995 935 1130 984 publicj
1152 940 1189 972 et
1201 936 1352 972 testium
1366 935 1646 983 subscriptorum
1659 935 1841 984 presencia

303 997 536 1046 personaliter
566 998 787 1034 constitutus
811 998 985 1046 providus
1009 998 1066 1034 vir
1092 997 1246 1034 Thomas
1277 997 1459 1046 Kennedy
1483 1010 1557 1034 non
1583 998 1622 1034 vi
1651 1002 1714 1034 aut
1742 1001 1841 1033 metu

304 1060 435 1097 ductus
451 1073 518 1097 nec
536 1072 652 1097 errore
668 1060 793 1108 lapsus
818 1072 881 1096 seu
907 1059 990 1096 dolo
1017 1059 1282 1096 circumventus
1307 1064 1363 1096 set
1388 1072 1452 1096 sua
1476 1072 1574 1096 mera
1592 1064 1628 1096 et
1645 1064 1842 1107 spontanea

304 1123 492 1159 voluntate
510 1136 531 1159 a
548 1136 586 1159 se
604 1127 641 1159 et
657 1122 850 1158 heredibus
869 1122 943 1159 suis
960 1135 1025 1171 per
1049 1122 1184 1158 fustem
1210 1127 1247 1158 et
1272 1122 1443 1158 baculum
1460 1135 1501 1158 ac
1517 1135 1581 1171 per
1597 1123 1783 1159 denarium
1800 1129 1842 1159 ut

304 1186 412 1222 moris
443 1190 497 1222 est
526 1191 600 1222 tres
632 1185 764 1221 solidos
798 1185 911 1221 annui
944 1185 1108 1221 redditus
1143 1185 1331 1221 annuatim
1360 1185 1532 1221 levandos
1562 1185 1606 1221 de
1635 1190 1841 1221 tenemento

305 1248 457 1284 Martini
474 1247 710 1296 M‘Knakyll1
724 1247 868 1296 jacente
893 1247 933 1283 in
959 1247 1072 1296 burgo
1098 1247 1143 1283 de
1159 1247 1232 1283 Are
1261 1247 1357 1283 inter
1385 1251 1632 1283 tenementum
1659 1247 1840 1295 quondam

305 1310 443 1346 domini
459 1310 483 1346 J
484 1310 587 1346 acobi
603 1309 700 1346 Wod
717 1310 893 1358 capellani
911 1323 955 1346 ex
972 1314 1074 1358 parte
1087 1322 1160 1345 una
1177 1314 1214 1345 et
1229 1314 1477 1346 tenementum
1494 1310 1628 1345 Thome
1645 1309 1842 1357 Dalrimple

306 1384 350 1408 ex
366 1377 469 1420 parte
487 1372 600 1408 altera
616 1372 656 1407 in
673 1371 840 1407 manibus
866 1371 890 1407 J
891 1372 1043 1407 ohannis
1060 1371 1241 1407 Wischert
1257 1371 1382 1407 ballivi
1399 1371 1504 1420 burgi
1521 1371 1566 1407 de
1582 1370 1654 1407 Are
1670 1384 1734 1419 pro
1751 1376 1841 1407 tem-

304 1447 389 1482 pore
406 1447 548 1471 sursum
564 1434 725 1470 reddidit
752 1447 913 1482 pureque
940 1447 981 1470 ac
1011 1434 1222 1481 simpliciter
1248 1434 1445 1482 resignavit
1474 1434 1739 1482 imperpetuum
1764 1433 1843 1476 Qua

303 1496 547 1544 resignacione
564 1496 660 1532 facta
679 1501 716 1532 et
733 1496 854 1532 debite
875 1501 1018 1544 recepta
1040 1496 1137 1532 idem
1164 1495 1189 1531 J
1190 1496 1339 1532 ohannis
1356 1495 1535 1532 Wischert
1562 1495 1716 1531 ballivus
1743 1500 1841 1531 ante-

306 1558 424 1594 dictus
438 1563 574 1595 statum
588 1564 625 1595 et
639 1559 796 1595 sasinam
809 1558 1063 1594 hereditariam
1076 1571 1215 1594 necnon
1227 1558 1360 1594 realem
1378 1558 1553 1594 actualem
1572 1562 1608 1594 et
1626 1557 1842 1605 corporalem

305 1621 564 1669 possessionem
581 1621 626 1657 de
642 1621 816 1669 predictis
829 1620 946 1657 tribus
963 1620 1086 1656 solidis
1104 1620 1215 1656 annui
1232 1619 1394 1656 redditus
1412 1620 1601 1655 annuatim
1617 1619 1780 1655 levandis
1798 1619 1842 1654 de

305 1684 401 1720 dicto
424 1689 632 1720 tenemento
650 1683 803 1719 Martini
828 1682 1048 1730 M‘Knakyll
1073 1682 1177 1718 fratri
1204 1682 1353 1731 Hugoni
1376 1682 1534 1730 Ramsay
1549 1682 1659 1730 priori
1676 1681 1842 1717 Fratrum

304 1746 577 1782 Predicatorum
614 1745 721 1794 burgi
756 1745 801 1781 de
835 1744 909 1781 Are
942 1745 1093 1780 nomine
1122 1745 1238 1780 tocius
1272 1749 1470 1780 conventus
1505 1744 1664 1780 eiusdem
1699 1748 1735 1779 et
1769 1744 1842 1779 suis

305 1809 565 1846 successoribus
590 1821 655 1856 per
679 1808 917 1844 tradicionem
945 1806 1079 1855 denarij
1109 1811 1152 1842 ut
1179 1806 1289 1842 moris
1317 1811 1372 1842 est
1402 1806 1552 1842 donavit
1579 1807 1843 1854 imperpetuum

304 1873 403 1909 salvo
425 1872 506 1921 jure
533 1871 726 1908 cuiuslibet
751 1870 904 1918 Insuper
928 1869 1026 1905 idem
1052 1869 1207 1905 Thomas
1232 1868 1413 1916 Kennedy
1438 1868 1672 1916 personaliter
1696 1867 1843 1904 accessit

304 1936 351 1971 ad
377 1940 626 1972 tenementum
656 1933 839 1982 quondam
867 1932 1005 1968 domini
1032 1930 1155 1978 Jacobj
1187 1929 1280 1965 Wod
1306 1930 1508 1978 predictum
1530 1930 1651 1978 jacens
1674 1930 1713 1965 in
1729 1929 1842 1977 burgo

303 1998 464 2046 predicto
481 1998 578 2034 inter
603 2000 854 2033 tenementum
873 1994 1026 2042 Gilbertj
1055 1992 1256 2029 M‘Mulane
1274 2005 1318 2028 ex
1335 1997 1436 2039 parte
1454 2005 1526 2027 una
1543 1996 1579 2027 et
1596 1996 1843 2027 tenementum

303 2060 436 2109 prefati
460 2059 613 2096 Martini
640 2057 859 2106 M‘Knakyfl
885 2070 930 2093 ex
954 2060 1057 2104 parte
1082 2054 1193 2090 altera
1217 2058 1253 2089 et
1269 2053 1317 2101 ibj
1337 2066 1401 2101 per
1417 2053 1549 2089 fustem
1567 2058 1602 2089 et
1618 2053 1785 2089 baculum
1803 2065 1843 2088 ac

305 2124 492 2160 denarium
520 2127 563 2159 ut
592 2122 702 2158 moris
730 2125 785 2156 est
811 2131 954 2155 sursum
979 2116 1139 2153 reddidit
1162 2127 1321 2163 pureque
1347 2127 1388 2150 ac
1412 2114 1622 2162 simpliciter
1647 2114 1843 2162 resignavit

305 2186 573 2235 imperpetuum
599 2189 673 2221 tres
700 2182 832 2219 solidos
863 2180 972 2228 annuj
1005 2178 1167 2215 redditus
1198 2176 1386 2213 annuatim
1416 2176 1586 2212 levandos
1610 2176 1654 2211 de
1683 2176 1843 2223 predicto

304 2254 510 2285 tenemento
528 2247 713 2297 quondam
731 2244 869 2281 domini
886 2244 910 2280 J
912 2242 1014 2279 acobi
1039 2241 1135 2278 Wod
1152 2253 1173 2276 a
1190 2252 1227 2276 se
1245 2244 1282 2275 et
1298 2239 1489 2275 heredibus
1515 2239 1588 2274 suis
1614 2239 1652 2273 in
1678 2238 1843 2274 manibus

305 2312 461 2361 predicti
486 2312 510 2348 J
512 2310 663 2347 ohannis
689 2307 871 2344 Wischert
896 2305 1023 2342 ballivi
1048 2302 1222 2340 antedicti
1273 2301 1352 2344 Qua
1377 2300 1620 2349 resignacione
1644 2300 1740 2335 facta
1764 2313 1841 2348 pre-

305 2375 400 2411 fatus
426 2374 581 2411 ballivus
608 2376 746 2409 statum
772 2375 808 2406 et
835 2369 990 2405 sasinam
1008 2365 1262 2403 hereditariam
1287 2376 1427 2399 necnon
1452 2362 1583 2399 realem
1609 2362 1786 2398 actualem
1808 2368 1844 2399 et

305 2438 524 2487 corporalem
541 2434 801 2485 possessionem
826 2432 870 2468 de
889 2431 996 2468 dictis
1013 2430 1129 2466 tribus
1153 2427 1276 2464 solidis
1302 2425 1488 2462 annuatim
1504 2424 1667 2461 levandis
1685 2424 1730 2461 de
1748 2425 1844 2461 dicto

660 2507 669 2523 ²
690 2511 840 2540 Described
853 2520 882 2538 as
896 2520 912 2538 a
925 2519 1030 2538 weaver
1043 2509 1074 2536 in
1088 2508 1135 2535 the
1150 2507 1208 2535 Obie
1222 2506 1291 2533 Book
1304 2505 1334 2540 of
1344 2505 1410 2539 ΑΨ,
1424 2513 1449 2540 p.
1465 2506 1508 2532 51.
