2130 2962
963 170 1187 204 APPENDIX.
1745 174 1843 206 xxxiii

302 261 327 300 d
345 275 415 312 quo
436 262 634 310 Conuentn,
652 265 683 302 ὥ
700 265 891 302 Lectoratu
913 277 985 301 non
1003 265 1119 314 possit
1136 279 1208 315 per
1233 266 1441 315 inferiorem
1458 268 1629 313 amoueri,
1648 268 1841 306 dummodo

297 325 498 374 praedicta
522 328 750 377 ratfficentur
771 327 812 364 in
842 327 1011 376 Oapitulo
1028 327 1199 377 prowimo
1225 328 1398 366 Nationis
1418 343 1490 379 per
1516 330 1560 368 B.
1590 330 1786 375 Vicarium,
1810 331 1841 367 cr,

302 388 437 426 Patres
453 389 685 439 Diffinitores.
739 390 825 427 Dat.
846 389 984 427 Romae
1003 394 1058 428 26.
1079 390 1216 439 Mart‘q‘j
1235 392 1339 429 1477.

380 452 430 489 Et
457 453 593 490 ibidem
617 452 825 490 immediate
852 452 904 489 ita
933 452 1098 490 subditur
1113 453 1215 491 :———F.
1235 453 1419 490 Patritz‘as
1444 454 1547 503 Keyr
1577 454 1779 492 Conuentus
1795 454 1840 491 de

304 514 533 560 Edinbwch,
551 515 597 552 N
593 514 726 552 ationis
742 514 970 563 Scotiacfuit
987 514 1239 564 incorporatus
1260 505 1301 552 in
1316 529 1380 553 suo
1401 515 1585 554 Gonaentu
1601 517 1653 554 ad
1663 523 1840 566 perpetuo

304 577 358 614 ibi
382 577 613 622 manendum,
632 590 695 614 nec
715 583 832 626 potest
858 577 1021 614 amoueri
1045 577 1091 614 ab
1114 571 1291 626 ioaskriori,
1310 577 1502 615 dummodo
1521 579 1702 628 praeolicta
1726 579 1840 629 ratffl-

304 648 430 679 centur
441 642 482 679 in
498 642 669 690 Capitulo
679 641 851 690 proximo
867 641 913 678 N
910 641 1049 679 ationis.
1095 640 1181 677 Dat.
1198 646 1233 676 vt
1249 653 1374 689 supra.
1421 641 1514 678 Vide
1528 655 1668 691 quoque
1685 655 1736 687 ea,
1749 656 1839 691 quae

304 716 413 753 supra
424 705 494 741 Pro
508 704 698 741 Prouincia
710 704 852 753 Angliae
864 704 1063 749 retulimus,
1073 703 1137 740 vbi
1147 708 1294 752 apparet
1307 703 1434 740 Scotiae
1447 704 1612 741 Nationis
1624 704 1837 753 Superiores,

306 766 497 803 Generales
514 766 676 803 Vicarios
701 766 811 803 fuisse
828 771 1061 815 nuncupatos.

380 829 488 865 Anno
515 834 637 865 autem
664 828 768 865 Dom.
800 832 905 866 1491.
960 828 1005 864 In
1033 828 1223 864 Prouincia
1250 833 1366 865 erecta
1391 829 1428 864 ia
1453 828 1579 872 fuerat,
1602 841 1687 865 nam
1714 828 1837 865 eodem

305 903 399 927 anno
417 904 523 927 suum
539 891 781 927 Diffinitorem
799 891 845 927 ad
863 891 1054 927 Generalia
1069 890 1222 926 Comitia
1242 890 1338 939 apud
1356 890 1598 927 Cenomanum
1624 896 1838 940 congregata

305 954 413 990 misit.
459 954 519 990 Ita
536 954 633 990 enim
645 953 797 990 habetur
813 954 852 989 in
870 953 1024 989 secundo
1041 953 1194 1001 Regesto
1211 952 1250 989 P.
1267 952 1306 989 F.
1322 953 1482 989 Ioachini
1495 953 1658 989 Turriani
1671 954 1837 1002 Magistri

307 1015 392 1052 Ord.
419 1014 541 1064 (prout
567 1016 662 1052 infra
687 1015 757 1052 Pro
785 1015 976 1052 Prouincia
1002 1014 1186 1051 Hiberniae
1214 1013 1444 1062 adducemus)
1471 1015 1510 1050 in
1532 1015 1636 1059 §Pro
1656 1015 1723 1051 hac
1750 1015 1835 1052 Pro-

305 1078 427 1114 uincia
444 1078 583 1116 Scotiae.
636 1078 679 1115 F.
705 1078 857 1125 Thomas
877 1076 1037 1125 Lonn'nv‘
1046 1075 1250 1125 praesentis
1277 1075 1440 1124 Capituli
1455 1076 1653 1125 Dzffinitor,
1671 1077 1702 1113 ὥ
1718 1077 1760 1114 F.
1781 1077 1832 1114 Io.

306 1139 455 1188 AEyiolt'j
465 1145 617 1188 possunt
638 1139 758 1175 redire
783 1138 835 1175 ad
851 1138 1021 1187 patriam
1037 1150 1119 1173 cum
1142 1137 1242 1181 secio,
1260 1137 1313 1173 vel
1329 1137 1414 1182 sinc,
1433 1138 1463 1174 ὥ
1473 1145 1625 1186 possunt
1640 1139 1780 1175 morari
1796 1139 1837 1175 in

307 1202 461 1251 quolibet
492 1202 688 1246 Conuentu,
706 1202 737 1238 ὧ
764 1201 892 1238 habent
920 1200 1057 1237 litteras
1083 1199 1341 1243 testimoniales,
1369 1200 1400 1236 ὥ
1422 1213 1559 1248 possun
1588 1200 1716 1237 ducere
1745 1201 1837 1237 alios

308 1265 461 1301 Fratres
477 1264 547 1300 sibi
561 1270 692 1312 yratos.

381 1326 540 1362 Emicuit
566 1326 674 1374 longo
701 1330 904 1372 temporum
918 1323 1071 1359 decursu
1097 1322 1184 1359 haec
1211 1323 1399 1359 Prouincia
1423 1324 1589 1372 virosque
1615 1324 1835 1372 praestantis-

308 1388 417 1424 simos
447 1387 627 1432 Ecclesiae,
659 1391 766 1434 atque
794 1385 920 1422 Ordini
955 1385 1055 1420 dedit
1083 1397 1195 1432 vsque
1225 1385 1271 1420 ad
1298 1398 1429 1421 annum
1463 1389 1568 1430 1558,
1599 1398 1668 1434 quo
1702 1386 1835 1422 Paulus

308 1450 510 1486 Messenius
526 1449 641 1497 pistor
659 1461 740 1484 cum
757 1452 890 1483 sartore
908 1446 1063 1494 quodam
1081 1446 1266 1482 cuiusdam
1284 1447 1470 1495 Regularis
1488 1447 1633 1483 Ordinis
1659 1452 1830 1495 apostata.

309 1512 531 1549 Caluinianae
547 1510 721 1546 nouitatis
748 1520 937 1557 praeconeS‚
957 1520 1028 1555 qua
1052 1507 1203 1555 publice,
1221 1521 1292 1555 qua
1313 1508 1485 1556 priuatim
1509 1509 1548 1544 in
1573 1509 1722 1545 diuersis
1739 1509 1836 1545 illius

308 1574 425 1623 Regni
449 1573 613 1621 partibus
639 1585 717 1608 eam
743 1570 1013 1607 disseminantes
1041 1568 1198 1617 (propter
1223 1570 1428 1606 mortalium
1448 1570 1579 1606 scelera
1606 1571 1836 1618 permittente

307 1635 415 1684 Deo),
429 1635 517 1671 adeo
535 1633 772 1682 profecerunt,
788 1637 828 1668 vt
844 1631 945 1667 breui
961 1630 1132 1678 temporis
1149 1631 1347 1675 interuallo,
1363 1633 1393 1668 δυ
1410 1632 1616 1679 Principum
1633 1634 1836 1677 auctoritas,

307 1700 337 1735 &
355 1697 553 1746 Religionis
570 1695 738 1732 maiestas
755 1694 794 1730 in
812 1693 934 1730 eodem
951 1705 1062 1741 regno
1086 1705 1230 1740 pessum
1255 1693 1343 1730 ierit.
1398 1694 1562 1730 Praefatis
1588 1694 1726 1730 duobus
1751 1695 1836 1731 Dia.-

306 1761 380 1798 boli
395 1760 482 1808 filijs
500 1758 663 1807 sequenti
684 1770 776 1793 anno
795 1769 831 1792 se
857 1756 986 1792 tertius
1012 1754 1177 1791 adiunxit
1200 1754 1351 1791 Ioannes
1378 1755 1552 1792 Kanoxus
1578 1756 1835 1793 Necromantus

307 1823 500 1871 Presbyter
517 1825 682 1869 apostata
697 1819 743 1855 ab
769 1818 885 1862 exilio,
906 1830 976 1866 quo
1001 1821 1148 1864 propter
1171 1821 1314 1864 patrata
1330 1818 1461 1853 scelera
1477 1818 1593 1854 fuerat
1611 1818 1694 1854 dam
1718 1824 1835 1863 natus,

305 1898 479 1930 reuersus,
491 1895 683 1931 omnesque
697 1880 922 1930 quorundam
934 1878 1108 1914 nobilium
1121 1877 1278 1914 fauorem
1291 1879 1397 1920 nacti,
1410 1880 1593 1923 Ecclesias,
1606 1880 1835 1927 Monastefia,

307 1953 415 1996 atque
435 1945 608 1983 Ooenobia
633 1957 731 1980 sacra
757 1942 919 1991 spoliare,
939 1953 979 1976 ac
1000 1940 1138 1976 diruere
1163 1940 1335 1988 incepere,
1354 1941 1451 1989 quod
1469 1942 1499 1977 ὅτ
1516 1942 1665 1977 Iacobus
1692 1943 1834 1988 nothus,

309 2010 372 2059 qui
401 2007 689 2045 Ecclesiasticam
714 2005 830 2041 vitam
859 2008 1044 2052 pertaesus
1071 2015 1116 2038 ex
1146 2001 1267 2038 Priore
1302 2002 1568 2039 Santandreano
1601 2004 1836 2041 Morauiensis

308 2072 444 2116 Comes,
472 2071 502 2106 δι
532 2068 796 2106 crudelissimus
823 2065 1086 2103 Catholicorum
1112 2063 1227 2099 euasit
1255 2069 1465 2111 perseeutor.
1519 2065 1567 2100 Et
1592 2065 1676 2113 quia
1700 2066 1835 2103 abissus

307 2134 466 2171 abissum
492 2133 648 2175 inuocat,
662 2128 918 2167 rebellantibus
940 2127 979 2162 in
1007 2125 1131 2162 eodem
1147 2125 1271 2174 Regno
1288 2127 1451 2175 sequenti
1477 2139 1570 2162 anno
1596 2128 1635 2162 in
1661 2127 1836 2176 Reginam

305 2197 462 2233 Matrem
476 2193 633 2241 sectarijs
647 2190 886 2228 Ecclesiastici
900 2188 1073 2225 Praesules
1086 2187 1106 2224 ὲ
1122 2188 1275 2236 proprijs
1287 2188 1384 2224 fuere
1397 2188 1538 2226 sedibus
1550 2189 1652 2237 pulsi,
1665 2194 1772 2238 atque
1785 2191 1837 2226 ita

304 2272 361 2295 res
375 2256 560 2295 Catholica
575 2254 759 2304 paulatim,
773 2251 967 2289 declinauit
979 2262 1092 2298 vsque
1110 2250 1156 2286 ad
1172 2250 1292 2298 impiae
1309 2250 1522 2287 Elisabethae
1534 2250 1676 2300 Angliae
1688 2251 1836 2301 Reginae

304 2327 478 2369 tempora,
498 2330 589 2367 quae
606 2317 628 2353 a
645 2315 877 2353 Sanctissimo
895 2314 960 2350 Pio
977 2313 1020 2350 V.
1041 2325 1134 2350 anno
1155 2315 1260 2357 1569,
1280 2313 1506 2349 anathemate
1526 2314 1681 2349 sauciata
1698 2314 1836 2350 crudel-

303 2388 425 2427 issime
450 2388 490 2424 in
507 2386 660 2423 Mariam
683 2383 812 2420 Scotiae
838 2381 1013 2431 Reginam
1038 2380 1173 2428 pietate
1199 2375 1391 2420 Catholica,
1411 2375 1617 2424 caeterisque
1638 2376 1835 2414 virtutibus

303 2453 458 2490 ditatam
474 2448 662 2492 inseuienS,
681 2451 763 2495 post
778 2446 926 2495 longum
943 2457 1002 2481 xx.
1019 2453 1194 2480 annorum
1207 2438 1354 2476 carceris
1367 2438 1589 2486 squallorem,
1604 2439 1720 2487 capite
1737 2439 1835 2475 dam-

1063 2517 1082 2541 e
