2130 2962
552 192 772 224 OHARTERS
794 193 847 225 OF
869 194 954 224 THE
976 194 1127 225 FRIARS
1149 195 1393 227 PREACHERS
1415 196 1467 227 OF
1487 195 1582 227 AYR.
1772 193 1831 224 117

896 336 993 387 [Vol.
1010 337 1058 375 II.
1078 350 1114 387 p.
1135 337 1239 387 283]

672 425 862 464 Rendcred
878 431 917 463 at
934 426 1056 471 Parth,
1078 426 1167 463 leth
1183 426 1208 463 J
1209 440 1346 476 anuary
1365 431 1471 465 1366.

369 515 505 553 Ballivi
530 516 575 553 de
601 516 675 566 Are
702 521 951 565 computantes
977 516 1022 553 de
1047 516 1159 553 firmis
1185 516 1275 554 dicti
1304 517 1411 566 burgi
1436 518 1481 554 (16
1507 518 1647 555 duobus
1671 516 1834 553 terminis

296 578 405 616 huius
422 579 581 628 compoti
599 584 751 616 onerant
768 592 805 615 se
823 579 868 615 de
884 579 952 627 liijs
972 578 1046 628 iiijd
1061 579 1106 616 (16
1132 578 1267 616 eisdem
1292 580 1456 616 terminis
1481 579 1630 616 Summa
1646 584 1748 628 patet
1765 591 1834 628 que

295 642 502 692 assignatur
519 642 705 679 Fratribus
722 642 1011 679 Predicatoribus
1028 641 1073 678 de
1091 641 1163 678 Are
1179 654 1244 690 pro
1261 655 1381 678 annua
1406 643 1575 690 pensione
1593 642 1643 678 eis
1670 655 1834 679 concessa

296 717 342 741 ex
359 704 554 741 elemosina
569 705 673 754 regis.

890 765 990 816 [vol.
1015 766 1064 805 11.
1087 779 1122 815 p.
1144 765 1247 816 412.]

372 866 411 915 [1
419 867 485 903 lth
510 866 695 915 February
724 865 849 915 1373]
898 866 1037 903 Eodem
1063 866 1121 903 die
1154 866 1338 903 Johannes
1372 866 1469 914 Gray
1496 879 1589 902 unus
1622 865 1836 901 ballivorum

297 929 405 978 burgi
433 929 479 966 de
505 929 579 965 Are
608 934 821 978 computans
845 929 890 965 de
915 929 1019 965 firma
1044 929 1134 965 dicti
1160 929 1267 978 burgi
1296 934 1421 965 onerat
1446 942 1483 965 se
1506 929 1551 965 de
1577 926 1653 976 ijti
1675 928 1727 976 ij
1753 921 1837 975 viij‘1

297 993 453 1042 receptis
478 1005 543 1041 per
568 992 691 1028 firmas
717 992 807 1028 dicti
832 991 940 1041 burgi
957 992 1002 1028 de
1027 992 1191 1028 terminis
1217 992 1447 1028 Pentecostes
1473 995 1511 1027 et
1538 990 1662 1027 Sancti
1687 990 1837 1026 Martini

297 1056 473 1106 proximis
504 1059 590 1092 ante
620 1055 687 1091 hoc
719 1059 928 1102 compotum
956 1066 1020 1102 per
1050 1052 1314 1090 assedacionem
1341 1053 1534 1090 Camerarii
1564 1052 1711 1089 Summa
1735 1057 1837 1100 patet

299 1132 412 1169 quam
445 1117 633 1154 solverunt
675 1116 863 1152 Fratribus
897 1116 1185 1153 Predicatoribus
1219 1116 1263 1152 de
1296 1115 1368 1151 Are
1403 1116 1443 1151 in
1475 1119 1614 1163 partem
1647 1114 1837 1151 elemosine

300 1194 420 1219 annue
438 1181 489 1217 eis
507 1192 671 1217 concesse
688 1192 752 1228 per
768 1192 897 1228 regem.

902 1289 998 1339 [vol.
1020 1290 1069 1327 Π.
1087 1302 1122 1338 p.
1144 1288 1247 1338 486]

379 1395 600 1442 Oompotum
616 1391 697 1428 Ade
716 1391 895 1440 Snorgyrs
912 1390 1019 1426 unius
1036 1389 1250 1426 ballivorum
1266 1388 1373 1437 burgi
1390 1388 1434 1424 de
1451 1388 1523 1424 Are
1548 1388 1730 1424 redditum
1754 1387 1838 1436 [4th

302 1458 431 1496 March
452 1454 566 1504 1372]
583 1455 628 1491 de
653 1453 819 1490 omnibus
837 1452 991 1500 receptis
1008 1452 1081 1487 suis
1099 1456 1140 1504 et»
1161 1451 1326 1499 expensis
1351 1463 1414 1498 per
1430 1450 1549 1486 firmas
1567 1450 1656 1486 dicti
1672 1450 1777 1499 burgi
1795 1450 1839 1486 de

303 1521 446 1559 duobus
458 1517 625 1556 terminis
642 1516 876 1552 Pentecostes
888 1514 1058 1550 videlicet
1072 1518 1109 1549 et
1128 1513 1252 1550 Sancti
1265 1513 1415 1548 Martini
1427 1512 1556 1548 ultimo
1569 1512 1839 1560 precedentibus

302 1585 372 1621 hoc
390 1586 599 1630 compotum
616 1579 720 1615 Idem
738 1581 863 1613 onerat
881 1589 918 1612 se
936 1575 980 1611 de
998 1574 1044 1611 x*i
1061 1575 1211 1623 receptis
1227 1587 1292 1622 per
1308 1574 1428 1610 firmas
1446 1574 1534 1610 dicti
1550 1574 1655 1623 burgi
1672 1574 1716 1610 de
1734 1574 1840 1610 dictis

303 1645 471 1684 terminis
493 1643 643 1680 Summa
659 1645 762 1689 patet
780 1652 889 1687 quam
906 1642 1093 1686 computat
1110 1637 1257 1673 solvisse
1282 1636 1467 1672 Fratribus
1492 1635 1779 1672 Predicatoribus
1797 1635 1841 1672 de

304 1709 379 1746 Are
395 1704 679 1757 percipientibus
702 1703 747 1739 (16
765 1701 958 1738 elemosina
973 1700 1067 1749 regis
1092 1699 1213 1735 firmas
1231 1698 1319 1734 dicti
1341 1698 1446 1747 burgi
1462 1711 1576 1746 usque
1593 1698 1639 1733 ad
1665 1710 1841 1733 summam

304 1772 439 1822 viginti
454 1770 628 1807 librarum
647 1767 692 1803 (16
709 1765 850 1802 duobus
864 1763 1027 1800 terminis
1045 1762 1152 1798 huius
1170 1762 1328 1810 compoti
1344 1761 1462 1809 priore
1479 1760 1657 1796 dictorum
1674 1759 1841 1796 Fratrum

304 1836 443 1873 fatente
460 1836 649 1881 receptum
667 1841 775 1877 super
793 1831 1001 1875 compotum
1019 1825 1167 1861 Summa
1182 1824 1290 1860 huius
1308 1835 1462 1871 expense
1478 1827 1580 1871 patet
1593 1822 1641 1859 Et
1660 1822 1710 1858 sic
1728 1834 1826 1870 eque.

907 1988 1003 2038 [vol.
1024 1988 1072 2025 11.
1092 2000 1126 2035 p.
1148 1985 1250 2035 573.]

384 2098 605 2146 Gompotum
617 2095 641 2131 J
643 2094 794 2131 ohannis
814 2091 995 2130 Crawford
1014 2095 1050 2127 et
1067 2089 1203 2139 Nigelli
1216 2090 1340 2125 vicarii
1356 2089 1570 2125 ballivorum
1586 2087 1691 2136 burgi
1708 2087 1753 2126 de
1770 2087 1842 2123 Are

306 2161 493 2200 redditum
517 2171 581 2207 per
598 2158 805 2194 Gilbertum
823 2156 867 2192 de
887 2154 1068 2191 Cochrane
1087 2152 1184 2201 apud
1209 2152 1342 2188 Dunde
1359 2151 1453 2200 xijmo
1473 2150 1531 2186 die
1556 2150 1680 2198 Marcij
1710 2148 1844 2198 [1377]

307 2226 354 2263 de
371 2222 539 2261 omnibus
556 2220 708 2269 receptis
726 2219 799 2256 suis
817 2223 854 2255 et
872 2215 1037 2265 expensis
1055 2215 1099 2251 de
1115 2214 1227 2251 firmis
1245 2218 1281 2250 et
1299 2213 1455 2249 exitibus
1471 2212 1560 2248 dicti
1576 2212 1680 2260 burgi
1693 2211 1737 2247 de
1755 2211 1843 2248 duo-

308 2288 377 2325 bus
389 2284 555 2323 terminis
572 2283 743 2320 videlicet
756 2282 988 2318 Pentecostes
1006 2283 1042 2314 et
1061 2277 1184 2314 Sancti
1202 2276 1353 2313 Martini
1369 2276 1499 2312 ultimo
1516 2274 1693 2324 preteritis
1712 2274 1845 2311 Onerat

308 2363 346 2387 se
364 2349 410 2386 (16
435 2345 482 2384 x*i
498 2346 653 2394 receptis
679 2357 743 2394 per
759 2344 881 2380 firmas
899 2342 989 2378 dicti
1006 2340 1112 2389 burgi
1133 2352 1178 2376 ex
1195 2338 1419 2391 assedaeione
1446 2337 1628 2374 camerarii
1644 2336 1689 2372 de
1707 2336 1845 2373 duobus

307 2412 485 2451 terminus
503 2409 612 2446 huius
630 2407 788 2456 compoti
807 2406 955 2443 Summa
972 2407 1074 2453 patet
1093 2414 1201 2451 quam
1218 2400 1326 2437 solvit
1344 2399 1532 2437 Fratribus
1557 2398 1844 2436 Predicatoribus

309 2477 354 2514 de
371 2475 445 2512 Are
461 2471 743 2523 percipientibus
760 2469 903 2506 firmam
920 2466 1010 2504 dicti
1027 2465 1131 2514 burgi
1148 2464 1197 2502 Et
1214 2464 1265 2501 sic
1281 2476 1381 2512 eque.
