2130 2962
569 195 788 227 GHARTERS
811 197 864 228 OF
885 197 969 227 THE
990 196 1141 227 PRIARS
1163 198 1406 229 PREAGHERS
1429 199 1481 230 OF
1502 199 1596 231 AYR.
1805 203 1844 232 33

310 293 537 330 concedimus
555 293 653 343 quod
669 294 738 343 ipsi
754 294 938 343 perpetuis
954 294 1086 331 futuris
1103 296 1325 344 temporibus
1341 309 1405 345 pro
1423 299 1684 335 sustentacione
1702 299 1844 335 ecclesie

309 361 346 393 et
364 356 552 393 domm-um
569 369 716 393 suarum
732 357 935 406 percipiant
952 357 1140 394 annuatim
1156 358 1376 406 predicatam
1393 372 1570 397 summam
1585 361 1717 411 viginti
1738 361 1844 397 libra-

309 432 391 455 rum
413 419 667 469 sterlingorum
684 419 729 456 de
754 419 880 468 primis
897 419 1011 456 firmis
1036 420 1111 457 sive
1129 420 1284 469 denarijs
1301 422 1536 470 percipiendis
1553 429 1617 460 aut
1642 437 1711 472 que
1727 424 1842 471 primo

308 481 445 531 percipi
460 486 633 530 poterunt
651 482 695 518 de
712 482 827 531 burgo
844 486 881 518 et
903 482 1110 519 molendino
1127 483 1171 519 de
1188 482 1262 519 Are
1278 484 1447 531 predictis
1465 485 1511 521 ad
1527 486 1697 521 terminos
1715 485 1842 521 Pente-

310 550 423 582 costes
450 550 486 581 et
504 544 629 581 Sancti
647 545 798 581 Martini
822 545 861 580 in
886 557 991 592 yeme
1008 557 1072 593 per
1096 545 1278 593 portiones
1295 546 1436 595 equales
1460 547 1548 583 adeo
1565 547 1672 584 libere
1697 547 1841 596 pacifice

308 613 346 645 et
379 608 501 657 quiete
534 608 574 643 in
608 607 775 643 omnibus
813 611 850 643 et
884 620 949 655 per
982 607 1104 643 omnia
1137 608 1230 644 sicut
1271 608 1408 656 prefate
1448 608 1550 646 litere
1584 609 1672 646 dicti
1688 610 1691 615 '
1705 609 1842 645 domini

308 671 367 707 avi
391 670 507 706 nostri
531 670 571 706 in
595 682 632 706 se
659 669 807 705 liberius
836 669 930 718 iuste
958 670 1145 706 continent
1171 675 1208 706 et
1235 675 1456 718 proportant.
1510 671 1626 714 Quare
1652 672 1841 707 camerario

306 737 427 770 nostro
445 737 482 769 et
499 732 676 768 ministris
693 732 826 768 nostris
843 732 907 780 qui
923 745 988 780 pro
1005 737 1166 780 tempore
1182 732 1317 769 fuerint
1336 733 1462 769 damus
1478 738 1601 769 tenore
1618 734 1840 781 presencium

305 796 457 832 firmiter
473 795 512 831 in
529 794 710 830 mandatis
735 794 833 843 quod
857 794 1014 843 prefatas
1039 794 1173 843 viginti
1197 795 1306 831 libras
1332 795 1465 831 eisdem
1490 795 1663 844 religiosis
1688 796 1750 843 qui
1775 808 1840 844 pro

305 864 466 907 tempore
493 858 631 894 fuerint
658 857 810 893 indilate
838 861 875 893 et
902 857 979 893 sine
1006 856 1218 893 difficultate
1245 857 1452 905 persolvant
1482 858 1585 893 annis
1615 858 1764 906 singulis
1794 858 1839 894 ad

304 921 475 958 terminos
489 920 715 968 supradictos
729 932 818 968 quas
830 919 969 967 prefato
988 919 1179 955 camerario
1195 924 1318 955 nostro
1336 924 1373 955 et
1390 920 1562 955 ministris
1580 920 1653 955 suis
1670 920 1839 968 predictis

304 984 343 1020 in
360 983 533 1031 compotis
547 982 621 1018 suis
636 982 765 1017 annuis
779 981 824 1018 de
836 981 949 1017 firmis
964 981 1156 1017 eorundem
1173 981 1279 1029 burgi
1296 986 1332 1017 et
1348 981 1633 1018 molendinorum
1649 982 1839 1017 reddendis

303 1046 468 1083 volumus
496 1050 533 1082 et
559 1044 778 1093 precipimus
800 1057 865 1092 per
890 1048 1073 1091 presentes
1103 1043 1243 1091 plenius
1269 1043 1420 1079 allocari.
1474 1044 1519 1079 In
1546 1044 1645 1080 cuius
1670 1044 1721 1079 rei
1737 1044 1836 1080 testi-

303 1109 465 1145 monium
498 1107 565 1144 has
594 1107 718 1143 literas
748 1111 889 1142 nostras
922 1110 1094 1154 perpetuo
1128 1105 1317 1141 duraturas
1350 1105 1521 1153 predictis
1554 1105 1727 1154 religiosis
1760 1105 1837 1141 fieri

302 1171 450 1207 fecimus
467 1174 634 1218 patentes
652 1169 750 1217 apud
767 1168 840 1205 Are
856 1168 1028 1204 vicesimo
1046 1167 1201 1204 secundo
1218 1167 1275 1203 die
1293 1167 1424 1203 mensis
1448 1167 1611 1203 Octobris
1628 1180 1720 1203 anno
1737 1168 1837 1216 regni

303 1233 417 1269 nostri
440 1237 552 1269 sexto.
607 1232 705 1274 Quas
723 1231 870 1279 quidem
890 1236 1005 1266 cartas
1031 1230 1314 1277 donacionesque
1332 1234 1368 1265 et
1382 1229 1622 1265 concessiones
1647 1229 1686 1264 in
1704 1229 1836 1265 eisdem

304 1300 487 1332 contentas
513 1295 553 1330 in
579 1293 747 1330 omnibus
773 1293 919 1341 punctis
944 1292 1019 1328 suis
1045 1296 1082 1328 et
1107 1292 1267 1327 articulis
1294 1291 1560 1327 condicionibus
1588 1295 1624 1327 et
1650 1291 1766 1327 modis
1795 1304 1835 1327 ac

303 1356 586 1405 circumstancijs
603 1356 678 1392 suis
695 1355 969 1403 quibuscunque
994 1353 1109 1390 forma
1133 1354 1269 1401 pariter
1286 1358 1322 1389 et
1339 1353 1467 1389 effectu
1484 1353 1522 1389 in
1540 1353 1703 1389 omnibus
1721 1358 1757 1389 et
1773 1365 1837 1401 per

303 1420 421 1456 omnia
447 1419 687 1468 approbamus
712 1416 932 1453 ratificamus
950 1420 986 1451 et
1003 1428 1067 1463 pro
1085 1414 1187 1451 nobis
1213 1419 1249 1451 et
1264 1427 1328 1462 pro
1341 1414 1530 1450 heredibus
1552 1415 1683 1450 nostris
1699 1419 1741 1450 ut
1758 1427 1835 1462 pre-

302 1483 451 1519 missum
469 1487 524 1518 est
541 1482 811 1529 imperpetuum
828 1478 1089 1515 confirmamus.
1143 1478 1188 1513 In
1206 1477 1307 1513 cuius
1331 1477 1383 1513 rei
1408 1476 1654 1512 testimonium
1679 1477 1836 1524 presenti

303 1550 396 1582 carte
425 1549 547 1581 nostre
573 1541 858 1580 confirmacionis
887 1545 1052 1576 nostrum
1085 1539 1301 1588 precipimus
1331 1539 1464 1587 apponi
1493 1538 1650 1587 sigillum
1682 1539 1835 1575 testibus

301 1607 563 1644 venerabilibus
580 1606 620 1642 in
637 1604 782 1641 Christo
805 1603 968 1652 patribus
992 1601 1151 1638 Waltero
1177 1606 1213 1637 et
1238 1601 1384 1636 Matheo
1411 1600 1663 1637 Sanctiandree
1681 1605 1716 1636 et
1734 1600 1834 1636 Glas-

300 1670 444 1719 guensis
461 1669 691 1706 ecclesiarum
712 1666 889 1715 episcopis
910 1665 1066 1701 Roberto
1092 1664 1222 1700 comite
1240 1663 1284 1699 de
1301 1663 1363 1698 Fif
1385 1667 1422 1698 et
1446 1662 1491 1698 de
1516 1662 1702 1697 Meneteth
1726 1662 1835 1698 fratre

300 1737 421 1769 nostro
439 1731 620 1769 carissimo
638 1728 858 1766 Archibaldo
885 1727 1015 1763 comite
1032 1726 1077 1762 de
1094 1725 1254 1774 Douglas
1271 1724 1415 1761 domino
1433 1725 1478 1760 de
1495 1724 1672 1760 Gralwidia
1688 1737 1834 1760 consan-

300 1795 431 1844 guineo
447 1794 472 1831 J
473 1794 582 1830 acobo
601 1793 646 1829 de
664 1791 825 1840 Douglas
850 1789 996 1826 domino
1013 1788 1060 1824 de
1084 1787 1243 1824 Dalketh
1268 1787 1404 1822 Thoma
1429 1786 1474 1822 de
1499 1786 1662 1838 Erskyne
1688 1799 1833 1822 consan-

298 1857 438 1907 guineis
462 1856 595 1892 nostris
621 1855 761 1891 dilectis
786 1852 963 1889 militibus
994 1855 1031 1887 et
1057 1849 1261 1886 Alexandro
1289 1849 1333 1884 de
1360 1848 1549 1885 Cokburne
1578 1848 1622 1884 de
1649 1848 1834 1896 Langtone

299 1919 445 1956 custode
457 1918 581 1967 magni
598 1916 708 1966 sigilli
724 1915 839 1952 nostri
857 1913 953 1962 apud
973 1912 1124 1949 Sconam
1145 1910 1356 1947 duodecima
1373 1911 1430 1946 die
1446 1910 1578 1946 mensis
1595 1910 1719 1958 Marcij
1740 1923 1833 1946 anno

297 1981 401 2030 regni
412 1980 528 2017 nostri
544 1979 671 2028 primo.

972 2051 1171 2087 ABsrRAer.

374 2156 633 2195 Oonfirmation
657 2155 708 2203 by
730 2153 865 2191 Robert
890 2151 973 2196 ΙΠ.,
1000 2150 1103 2198 King
1127 2148 1167 2185 of
1190 2148 1300 2191 scota
1335 2147 1374 2183 of
1399 2146 1452 2196 (1)
1478 2147 1626 2183 Oharter
1653 2147 1704 2195 by
1733 2147 1834 2196 King

296 2221 434 2258 Robert
453 2220 516 2256 the
543 2219 666 2261 Bruce,
693 2216 871 2264 whereby‚
890 2214 945 2250 for
961 2214 1023 2250 the
1048 2212 1137 2248 weal
1163 2211 1202 2247 of
1223 2210 1278 2246 his
1296 2209 1382 2253 soul,
1411 2209 1482 2245 and
1506 2209 1569 2245 the
1593 2208 1688 2244 souls
1713 2209 1753 2244 of
1778 2209 1834 2245 his

297 2287 478 2320 ancestors
492 2281 565 2317 and
578 2291 784 2323 sucoessors,
798 2278 907 2326 kings
920 2276 960 2313 of
976 2274 1155 2319 scotland,
1174 2273 1220 2309 he
1236 2276 1360 2321 grants
1377 2276 1416 2307 to
1432 2271 1494 2307 the
1510 2271 1628 2307 Friars
1644 2271 1833 2307 Preachers

297 2346 338 2383 of
350 2345 429 2393 Ayr
444 2344 527 2381 that
549 2343 640 2391 they
656 2354 742 2389 may
758 2340 871 2388 freely
887 2338 995 2388 grind
1011 2337 1105 2374 their
1121 2335 1224 2384 grain
1241 2334 1281 2370 of
1294 2333 1474 2370 whatever
1486 2337 1561 2368 sort
1577 2345 1763 2380 necessary
1779 2333 1834 2369 for

295 2408 382 2445 food
398 2412 438 2445 at
453 2407 511 2443 his
527 2405 625 2442 mills
642 2402 684 2440 of
696 2403 786 2451 Ayr,
804 2402 960 2438 without
976 2400 1144 2443 multum,
1162 2396 1234 2433 and
1250 2396 1331 2432 that
1348 2395 1387 2431 in
1402 2395 1465 2431 the
1482 2394 1560 2430 mill
1576 2394 1665 2443 they
1681 2395 1772 2431 shall
1788 2395 1833 2432 be

296 2484 420 2508 nearer
435 2475 475 2507 to
496 2469 559 2506 the
576 2467 666 2515 king
683 2466 774 2502 than
792 2465 911 2502 others
929 2464 968 2499 in
985 2462 1047 2499 the
1067 2459 1221 2498 foresaid
1243 2458 1339 2495 mills
1351 2471 1360 2501 3
1388 2457 1498 2494 dated
1514 2461 1552 2493 at
1568 2457 1831 2503 Inchemichell‚

1059 2535 1081 2560 F
