2130 2962
554 194 771 226 CHARTERS
795 194 846 226 OF
869 195 953 226 THE
975 195 1125 226 FRIARS
1147 196 1392 227 PREACHERS
1416 197 1467 227 OF
1488 197 1582 229 AYR.
1795 198 1832 228 17

299 291 459 341 quinque
473 291 664 328 solidosde
677 305 750 328 una
762 291 941 340 particata
952 296 1045 328 terre
1062 291 1164 328 iuxta
1178 291 1325 328 domum
1342 292 1366 328 J
1367 292 1516 328 ohannis
1534 292 1660 328 Clerici
1673 305 1716 328 ex
1732 298 1834 341 parte

298 355 434 392 boreali
459 355 499 391 in
525 354 650 391 eodem
668 355 749 392 vico
767 360 803 391 et
820 354 953 403 viginti
971 354 1134 391 denarios
1161 355 1206 391 de
1231 360 1327 391 terra
1352 355 1541 403 Reginaldi
1568 355 1780 403 Scrivayner
1796 356 1835 391 in

301 418 427 455 eodem
452 418 533 454 vico
560 423 597 454 et
620 418 819 454 octodecim
844 417 1008 454 denarios
1034 417 1078 454 de
1103 422 1198 453 terra
1224 417 1405 466 quondam
1431 417 1605 465 Metyldis
1631 417 1835 465 Slaywrock

300 482 340 518 in
356 482 437 518 vico
456 480 609 518 Camber
625 485 662 517 et
680 480 877 517 octodecim
895 479 1057 516 denarios
1075 479 1119 516 dc
1146 479 1285 516 duabus
1310 479 1494 527 particatis
1520 484 1612 515 terre
1637 479 1836 516 iacentibus

300 544 340 580 in
357 544 438 581 vico
455 544 620 580 Nemoris
633 543 696 579 ubi
712 543 834 579 bostar
847 543 1029 592 quondam
1043 542 1191 579 Roberti
1207 542 1350 591 pistoris
1367 542 1439 578 fuit
1458 546 1494 578 et
1507 542 1656 590 triginta
1674 541 1836 578 denarios

302 607 348 644 de
366 607 506 658 duabus
519 606 705 655 particatis
717 611 811 642 terre
824 605 1023 642 iacentibus
1036 606 1075 641 in
1089 605 1213 641 eodem
1225 605 1305 641 vico
1319 604 1422 640 iuxta
1434 604 1614 641 venellum
1628 604 1691 640 ubi
1704 604 1836 640 orrium

303 669 455 707 Walteri
473 670 516 706 (16
529 669 738 718 Aberdalgy
748 671 759 690 ¹
783 668 965 717 quondam
977 668 1049 704 fuit
1066 674 1103 704 et
1120 673 1273 716 quatuor
1292 667 1422 703 solidos
1435 666 1480 703 de
1498 666 1636 702 duabus
1652 667 1836 714 particatis

302 738 397 769 terre
427 745 517 781 quas
547 731 732 780 quondam
765 731 885 767 Adam
920 730 1052 766 Raulot
1079 730 1119 765 in
1147 730 1228 766 vico
1262 729 1446 777 Lapidarii
1478 729 1605 765 habuit
1639 733 1676 764 et
1705 729 1837 777 viginti

304 795 469 831 denarios
486 794 532 831 de
557 794 697 831 duabus
723 793 911 842 particatis
936 797 1030 828 terre
1056 791 1255 828 iacentibus
1280 791 1319 826 in
1346 791 1471 827 eodem
1496 791 1576 827 vico
1603 804 1647 827 ex
1673 791 1836 839 opposito

303 857 501 894 molendini
519 870 563 893 ex
588 861 692 905 parte
712 856 839 892 boriali
856 860 949 891 terre
967 854 1116 890 Henrici
1141 854 1186 890 de
1203 853 1412 902 Aberdalgy
1428 853 1562 889 ibidem
1588 858 1624 889 et
1650 853 1837 889 duodecim

303 920 468 957 denarios
485 920 530 956 de
547 933 621 956 una
637 919 815 967 particata
831 923 924 955 terre
940 918 1079 953 iacente
1097 930 1141 952 ex
1157 916 1285 952 boriali
1301 920 1404 964 parte
1420 915 1529 951 fontis
1546 915 1649 951 beate
1666 915 1838 951 Katerine

303 982 457 1031 virginis
480 982 520 1018 in
538 982 663 1018 eodem
679 982 760 1017 vico
782 986 819 1017 et
841 980 932 1016 duos
950 979 1082 1016 solidos
1100 979 1144 1015 de
1169 992 1241 1015 uno
1264 978 1357 1014 tofto
1383 978 1520 1014 iacente
1546 978 1648 1013 iuxta
1671 977 1837 1025 antiquas

303 1045 416 1081 fossas
433 1045 514 1081 Ade
528 1044 647 1092 Ghery
659 1044 698 1080 in
711 1044 791 1080 vico
809 1043 872 1091 qui
889 1043 1021 1078 dicitur
1037 1042 1071 1077 le
1090 1041 1277 1090 Camergat
1294 1045 1331 1076 et
1348 1040 1505 1088 quinque
1523 1039 1685 1075 denarios
1703 1039 1837 1074 deuna

304 1108 482 1156 particata
498 1112 593 1143 terre
615 1119 684 1154 (1116
703 1105 885 1154 quondam
901 1104 973 1140 fuit
989 1103 1013 1139 J
1015 1103 1165 1139 ohannis
1184 1103 1268 1139 Sled
1285 1103 1323 1138 in
1337 1102 1461 1138 eodem
1478 1102 1557 1137 vico
1574 1101 1667 1136 infra
1683 1101 1837 1149 burgum

305 1170 350 1206 (16
379 1169 452 1206 Α16
478 1174 515 1205 et
541 1169 729 1217 sexaginta
754 1172 909 1216 quatuor
933 1179 1031 1202 acras
1056 1170 1148 1201 terre
1178 1165 1334 1201 iacentes
1360 1165 1398 1200 in
1423 1163 1600 1199 territorio
1623 1162 1711 1198 dicti
1733 1162 1838 1211 burgi

304 1232 475 1269 videlicet
492 1231 673 1267 sexdecim
690 1242 787 1266 acras
812 1234 906 1265 terre
930 1229 1086 1264 iacentes
1110 1228 1213 1263 iuxta
1233 1231 1364 1262 terram
1383 1225 1427 1261 (16
1445 1225 1599 1261 Crotona
1615 1225 1709 1260 inter
1726 1229 1837 1260 terras

306 1294 388 1331 Ade
405 1294 524 1341 Chery
541 1292 720 1340 Nicholay
738 1291 888 1328 Kemloc
914 1295 951 1325 et
977 1289 1113 1325 domini
1130 1288 1284 1324 Abbatis
1309 1288 1354 1323 de
1379 1287 1511 1323 Melros
1536 1299 1599 1334 per
1621 1299 1701 1322 suas
1723 1291 1837 1322 metas

307 1357 352 1393 ab
371 1356 519 1403 antiquo
545 1355 697 1391 usitatas
715 1359 752 1390 et
775 1353 928 1401 triginta
945 1352 1034 1387 duas
1052 1363 1148 1387 acras
1165 1355 1258 1386 terre
1275 1350 1431 1385 iacentes
1447 1349 1541 1384 inter
1565 1348 1599 1384 le
1624 1348 1783 1395 Duppoll
1802 1353 1838 1384 et

306 1419 341 1456 16
358 1417 607 1465 Montlanhyll
624 1421 660 1452 et
678 1414 857 1452 sexdecim
875 1426 973 1449 66166
990 1417 1083 1448 terre
1100 1412 1255 1447 iacentes
1279 1411 1318 1446 in
1344 1410 1523 1446 territorio
1541 1409 1630 1445 dicti
1646 1409 1750 1457 burgi
1768 1422 1836 1457 que

308 1485 458 1517 vocatur
477 1479 511 1515 le
535 1478 779 1526 Staylredyng
802 1476 837 1512 16
862 1476 965 1512 Wett
982 1474 1106 1522 Ackyr
1128 1474 1162 1509 le
1181 1473 1322 1509 Claveri
1338 1472 1457 1508 Velles
1481 1472 1515 1507 16
1533 1471 1716 1507 0016111016
1742 1476 1778 1507 et
1804 1471 1837 1510 le

309 1541 535 1579 Oroucithalf
548 1540 673 1588 Ackyr
693 1552 775 1575 cum
792 1551 864 1574 una
881 1537 1058 1586 particata
1082 1541 1176 1572 terre
1201 1536 1340 1571 iacente
1353 1535 1396 1570 in
1417 1534 1497 1570 vico
1524 1521 1706 1581 Lapidarii
1734 1533 1838 1568 iuxta

306 1610 440 1641 terram
453 1602 619 1652 Hugonis
632 1602 677 1638 de
695 1601 878 1638 Gartenan
891 1612 964 1635 una
977 1612 1058 1635 cum
1071 1598 1222 1646 piscaria
1235 1609 1325 1645 aque
1338 1596 1382 1632 (16
1395 1596 1498 1631 Done
1517 1608 1598 1630 cum
1610 1594 1838 1642 pertinenciis

308 1667 496 1704 Tenendas
516 1670 554 1701 et
578 1664 761 1701 habendas
789 1662 969 1711 predictas
993 1665 1106 1696 terras
1137 1672 1219 1696 cum
1249 1658 1409 1707 predicta
1435 1657 1586 1705 piscaria
1613 1661 1649 1692 et
1677 1656 1838 1691 redditus

308 1730 480 1767 annuales
493 1741 576 1765 cum
594 1726 760 1763 omnibus
777 1725 850 1761 suis
861 1724 968 1760 iustis
980 1722 1209 1771 pertinenciis
1220 1721 1388 1769 predictis
1406 1719 1599 1755 conventui
1617 1723 1654 1754 et
1669 1718 1838 1753 fratribus

307 1793 443 1830 ibidem
460 1790 701 1828 servientibus
718 1788 796 1824 Deo
815 1791 852 1823 et
872 1786 1128 1834 inperpetuum
1146 1783 1329 1820 servituris
1342 1794 1406 1830 pro
1425 1781 1543 1817 anima
1560 1793 1639 1816 mea
1657 1785 1693 1816 et
1711 1781 1838 1816 animis

308 1855 470 1892 omnium
487 1853 650 1890 fidelium
667 1850 921 1887 defunctorum
937 1860 1010 1883 non
1028 1847 1143 1882 solum
1161 1858 1282 1881 omnes
1298 1850 1411 1880 terras
1432 1849 1468 1880 et
1484 1843 1645 1892 redditus
1661 1843 1733 1878 iam
1750 1843 1840 1878 mihi

307 1918 531 1967 pertinentes
544 1920 600 1952 set
614 1914 726 1950 eciam
739 1925 809 1961 (1116
822 1911 881 1948 vel
894 1910 957 1958 qui
969 1909 1080 1945 michi
1093 1909 1132 1944 in
1148 1912 1332 1956 posterum
1344 1907 1420 1942 iure
1433 1904 1646 1941 hereditario
1659 1903 1840 1951 potuerint

308 1980 486 2030 pertinere
504 1979 554 2015 sic
568 1976 667 2026 quod
684 1976 785 2012 nulla
803 1973 996 2010 convencio
1014 1971 1090 2007 sive
1108 1970 1257 2006 donacio
1270 1969 1365 2004 facta
1378 1980 1441 2016 per
1457 1980 1514 2003 me
1530 1966 1588 2003 vel
1599 1979 1667 2014 per
1684 1966 1838 2013 aliquem

308 2044 421 2080 alium
446 2041 590 2077 nomine
617 2052 697 2075 meo
722 2036 877 2085 amplius
902 2035 1022 2071 valeat
1043 2038 1098 2069 set
1120 2032 1218 2068 dicta
1245 2031 1373 2067 domus
1399 2029 1518 2065 omnia
1547 2028 1640 2064 bona
1666 2027 1710 2063 (16
1733 2027 1839 2063 dictis

308 2105 413 2141 terris
439 2109 477 2139 et
501 2101 700 2138 redditibus
727 2098 916 2135 annuatim
949 2093 1178 2144 percipienda
1203 2105 1267 2141 pro
1294 2091 1409 2128 salute
1435 2091 1552 2127 anime
1577 2102 1654 2125 mee
1680 2093 1716 2124 et
1741 2093 1839 2124 ante-

309 2179 489 2204 cessorum
514 2176 675 2201 meorum
695 2166 817 2198 teneat
841 2166 878 2197 et
903 2158 1083 2208 possideat
1104 2157 1143 2192 in
1165 2167 1291 2203 puram
1319 2158 1355 2189 et
1382 2157 1591 2201 perpetuam
1619 2151 1839 2187 elimosinam
1894 2177 1901 2184 .

307 2228 420 2266 libere
449 2225 608 2275 plenarie
642 2224 762 2272 quiete
796 2226 833 2258 et
866 2218 1059 2256 honorifice
1092 2216 1195 2253 sicud
1229 2215 1347 2263 aliqua
1382 2213 1572 2250 elemosina
1599 2227 1620 2249 6
1649 2213 1839 2249 collacione

309 2291 461 2329 alicuius
477 2286 664 2337 burgensis
689 2286 729 2322 in
750 2289 828 2321 toto
846 2295 956 2331 regno
975 2280 1096 2318 Scocie
1121 2277 1266 2314 liberius
1284 2276 1442 2324 quiecius
1459 2276 1598 2323 plenius
1621 2280 1657 2311 et
1672 2274 1840 2311 honorifi-

309 2353 453 2392 cencius
469 2355 615 2388 tenetur
632 2352 695 2385 aut
711 2346 915 2396 possidetur
939 2345 992 2380 ita
1017 2342 1115 2392 quod
1139 2340 1259 2377 nullus
1276 2351 1340 2374 nec
1359 2338 1478 2386 aliqua
1495 2337 1665 2373 heredum
1680 2350 1840 2373 meorum

348 2454 359 2472 ¹
382 2455 433 2482 See
446 2454 506 2487 Ray.
519 2452 593 2486 Maq.
608 2450 659 2484 Siy.
670 2448 783 2484 (Record
793 2446 913 2482 edition),
924 2455 950 2481 p.
965 2447 991 2479 9,
1002 2445 1051 2472 No.
1103 2443 1136 2470 de
1156 2441 1311 2476 Aberdalgy
1332 2439 1361 2467 of
1380 2439 1442 2474 Ayr
1465 2448 1555 2465 occurs
1576 2437 1607 2465 in
1628 2437 1675 2465 the
1696 2438 1841 2473 Eaeohequer

309 2505 356 2538 43,
367 2502 410 2529 for
423 2510 439 2528 a
453 2500 567 2527 Charter
580 2500 608 2524 to
618 2496 678 2523 him
688 2496 726 2531 by
736 2494 838 2522 'Robert
849 2493 871 2520 I.
910 2493 938 2519 A
948 2491 1053 2519 Walter
1101 2490 1172 2516 Rolls
1186 2487 1299 2523 (Record
1313 2485 1433 2520 edition),
1446 2485 1499 2512 vol.
1512 2485 1530 2512 i.
1543 2494 1568 2521 p.
1586 2486 1652 2513 527.

1065 2541 1090 2566 D
