2130 2962
558 204 775 235 OHARTERS
798 204 849 235 OF
871 205 955 235 THE
977 204 1127 240 FRIARS
1149 206 1392 239 PREAOHERS
1416 208 1468 239 OF
1488 208 1583 240 AYR.
1800 211 1835 239 11

300 297 401 334 heres
426 299 609 348 quondam
627 299 707 336 Ade
725 299 769 335 de
787 299 903 336 Ponte
920 299 1108 349 burgensis
1126 300 1170 337 de
1195 300 1268 338 Are
1294 301 1447 339 salutem
1472 303 1511 339 in
1535 303 1692 340 Domino
1709 318 1716 340 :
1748 304 1840 347 Quia

300 361 482 408 predictus
509 361 630 398 Adam
655 367 759 410 pater
783 375 884 398 meus
911 363 1073 399 caritatis
1098 363 1238 400 intuitu
1266 369 1302 400 et
1329 377 1393 413 pro
1422 365 1537 402 salute
1565 366 1683 402 anime
1710 379 1772 402 sue
1803 372 1838 402 et

302 424 503 460 animarum
526 424 815 473 predecessorum
841 438 984 461 suorum
1013 430 1049 462 et
1075 439 1315 463 successorum
1341 427 1442 464 dedit
1467 431 1504 463 et
1521 428 1692 463 concessit
1709 427 1786 464 Deo
1804 433 1840 464 et

302 485 405 523 beate
418 486 593 524 Katerine
610 488 744 536 virgini
757 488 802 524 de
815 487 887 524 Are
902 493 1010 537 atque
1026 488 1130 525 fratri
1148 489 1172 525 J
1173 489 1307 526 ohanni
1324 490 1369 526 de
1386 489 1499 537 Torry
1515 494 1603 525 tunc
1618 489 1727 537 priori
1744 490 1839 526 dicte

302 549 431 586 domus
445 555 481 586 et
495 550 655 586 eiusdem
667 550 738 586 loci
752 551 946 587 conventui
959 564 1000 588 ac
1013 552 1272 588 successoribus
1287 552 1360 588 suis
1377 552 1524 588 domum
1543 564 1644 587 suam
1660 551 1839 599 lapideam

303 612 342 648 in
372 612 462 649 Vico
492 613 658 649 Nemoris
685 613 900 649 existentem
931 626 1013 649 cum
1042 613 1190 662 plumbo
1217 619 1254 650 et
1287 614 1384 650 vasis
1418 626 1459 650 ac
1488 613 1567 649 aliis
1592 613 1839 649 instrumentis

302 675 465 711 totaliter
491 675 537 711 ad
563 675 698 712 dictam
724 675 871 712 domum
888 676 1153 724 pertinentibus
1178 681 1215 712 et
1242 681 1314 712 tres
1340 676 1534 724 particatas
1560 681 1654 712 terre
1679 676 1840 724 jacentes

303 737 343 773 in
372 738 453 774 vico
482 738 527 774 de
554 738 731 774 Canniber
759 751 833 774 una
863 751 946 774 cum
975 738 1036 787 xxj
1067 738 1189 775 solidis
1222 739 1333 775 annui
1365 739 1527 775 redditus
1557 739 1706 788 singulis
1737 740 1840 775 annis

303 800 542 848 percipiendis
576 800 621 836 de
646 800 793 836 baronia
818 800 863 836 de
888 800 1069 849 Auylway
1096 800 1232 837 Gortun
1258 806 1295 837 et
1320 801 1475 849 Gortluy
1499 814 1572 837 non
1597 801 1730 837 habens
1757 814 1838 837 con-

304 862 560 899 sideracionem
578 868 614 899 et
631 863 900 899 distinctionem
918 867 1034 899 status
1058 863 1129 899 mei
1154 868 1327 911 tanquam
1352 863 1491 899 heredis
1508 863 1563 899 sui
1588 863 1637 899 Et
1654 863 1738 911 quia
1762 876 1840 911 pre-

305 924 424 961 dictus
457 926 556 974 prior
590 925 816 962 considerans
850 930 986 961 statum
1018 938 1139 961 meum
1169 931 1206 962 et
1238 926 1398 974 inopiam
1431 926 1521 962 mihi
1555 926 1728 962 concessit
1760 931 1839 962 toto

305 992 468 1035 tempore
485 988 561 1023 vite
578 1000 656 1023 mee
673 987 870 1036 predictam
898 988 1046 1023 domum
1067 988 1246 1036 lapideam
1272 1001 1353 1024 cum
1371 988 1519 1036 plumbo
1537 992 1575 1023 et
1591 988 1840 1024 instrumentis

306 1050 521 1098 supradictis
547 1055 654 1098 atque
674 1050 711 1098 iij
731 1049 941 1097 particatas¹
966 1050 1232 1097 prenominatas
1250 1049 1294 1085 de
1312 1049 1430 1098 gracia
1455 1061 1519 1085 sua
1536 1053 1572 1084 et
1589 1048 1841 1086 benevolencia

307 1112 445 1148 Idcirco
464 1125 529 1161 ego
546 1113 585 1148 in
597 1125 677 1148 mea
689 1112 869 1160 legittima
886 1111 1062 1147 viduitate
1080 1112 1164 1147 dedi
1181 1116 1217 1148 et
1235 1111 1390 1148 concessi
1406 1115 1442 1147 et
1458 1110 1525 1147 hoc
1538 1112 1695 1159 presenti
1708 1112 1839 1160 scripto

306 1187 386 1210 meo
416 1188 481 1222 pro
511 1187 569 1210 me
599 1179 636 1210 et
669 1173 859 1209 heredibus
893 1173 982 1209 meis
1007 1174 1046 1209 in
1079 1178 1291 1221 perpetuum
1327 1173 1534 1209 confirmavi
1567 1173 1644 1209 Deo
1670 1178 1706 1209 et
1735 1173 1839 1210 beate

308 1236 483 1272 Katcrine
530 1241 637 1283 atque
678 1235 817 1283 prefato
858 1235 968 1282 priori
1011 1240 1047 1271 et
1094 1235 1286 1270 conventui
1330 1247 1370 1270 ac
1417 1247 1538 1270 eorum
1580 1236 1838 1272 successoribus

308 1299 488 1346 predictos
513 1297 574 1345 xxj
603 1297 735 1333 solidos
760 1297 1012 1345 sterlingorum
1038 1309 1119 1332 cum
1144 1297 1372 1344 pertinenciis
1398 1296 1571 1332 tenendos
1598 1302 1633 1332 et
1657 1297 1839 1334 habendos

308 1360 480 1408 predictis
505 1360 614 1407 priori
637 1364 674 1394 et
699 1359 892 1394 conventui
918 1363 954 1394 et
980 1371 1102 1394 eorum
1127 1358 1384 1394 successoribus
1411 1358 1498 1394 adeo
1523 1358 1631 1394 libere
1658 1364 1693 1395 et
1718 1360 1838 1407 quiete

309 1422 467 1470 plenarie
495 1426 531 1457 et
558 1420 749 1456 honorifice
779 1421 872 1456 sicut
902 1433 966 1468 ego
993 1420 1053 1456 vel
1081 1420 1343 1468 predecessores
1372 1420 1444 1455 mei
1460 1420 1660 1467 predictum
1678 1434 1839 1458 annuum

309 1484 494 1520 redditum
519 1483 664 1518 liberius
683 1487 719 1517 et
737 1482 896 1530 quiecius
915 1481 1098 1517 tenuimus
1122 1482 1242 1529 aliquo
1267 1486 1427 1529 tempore
1443 1481 1503 1517 vel
1520 1486 1639 1518 tenere
1655 1484 1839 1531 potuimus

310 1559 331 1582 a
358 1551 519 1593 tempore
545 1557 615 1592 quo
640 1544 732 1580 bone
765 1543 934 1578 memorie
965 1542 1131 1578 dominus
1158 1548 1279 1578 noster
1303 1556 1365 1578 rex
1390 1542 1610 1579 Allexander
1637 1545 1839 1592 predictum

309 1621 470 1644 annuum
486 1606 669 1642 redditum
686 1605 858 1640 delibera
882 1604 985 1639 firma
1010 1616 1074 1639 sua
1098 1604 1243 1640 baronie
1270 1604 1314 1640 de
1340 1604 1520 1653 Auylway
1536 1606 1838 1654 predecessoribus

308 1670 440 1706 nostris
453 1670 492 1704 in
506 1667 730 1704 excambium
746 1666 847 1701 dedit
861 1670 897 1701 et
911 1665 1136 1701 confirmavit
1152 1679 1217 1713 pro
1234 1671 1329 1702 terra
1345 1671 1433 1703 tunc
1449 1669 1618 1715 temporis
1634 1670 1839 1716 pertinente

308 1733 354 1768 ad
371 1736 518 1767 tantum
542 1729 725 1765 redditum
745 1727 839 1763 infra
856 1727 1009 1776 burgum
1026 1727 1071 1763 de
1088 1727 1160 1763 Are
1185 1741 1294 1776 quam
1319 1728 1436 1764 dictus
1462 1729 1628 1766 dominus
1653 1743 1716 1767 rex
1739 1732 1840 1769 dedit

308 1794 442 1830 eisdem
458 1792 629 1828 fratribus
647 1790 693 1826 ad
710 1789 957 1837 ampliandum
976 1789 1191 1825 cimiterium
1209 1789 1403 1825 eorundem
1421 1790 1515 1826 Item
1533 1792 1688 1828 concessi
1705 1793 1838 1830 eisdem

306 1856 418 1905 priori
435 1862 472 1891 et
485 1853 680 1890 conventui
697 1865 738 1888 ac
752 1864 873 1888 eorum
897 1851 1154 1887 successoribus
1171 1852 1268 1899 quod
1285 1852 1381 1887 dicta
1398 1852 1524 1888 domus
1541 1852 1682 1901 lapidea
1699 1867 1780 1891 cum
1797 1856 1835 1904 iij

306 1918 493 1968 particatis
520 1914 737 1963 supradictis
764 1918 801 1949 et
827 1926 900 1949 una
927 1913 997 1949 alia
1023 1914 1199 1961 particata
1225 1913 1315 1949 mihi
1341 1914 1440 1962 prius
1465 1927 1529 1962 per
1554 1916 1674 1963 ipsum
1700 1922 1838 1964 patrem

305 1994 426 2017 meum
440 1981 479 2016 in
492 1977 722 2026 maritagium
736 1988 901 2012 concessa
919 1975 1052 2011 eisdem
1069 1975 1177 2011 libere
1195 1981 1231 2011 et
1249 1976 1369 2024 quiete
1385 1982 1610 2013 revertentur
1626 1978 1702 2014 sine
1719 1979 1838 2027 aliquo

305 2046 550 2080 retenemento
568 2040 628 2076 vel
644 2038 904 2087 impedimento
922 2038 1035 2073 nostri
1052 2037 1111 2073 vel
1127 2043 1332 2074 nostrorum
1350 2038 1380 2073 si
1406 2039 1590 2087 contingat
1615 2052 1672 2075 me
1698 2040 1737 2076 in
1761 2041 1839 2077 fata

306 2104 487 2141 discedere
506 2107 542 2139 et
560 2114 642 2138 cum
660 2101 704 2136 de
722 2113 780 2135 me
800 2100 910 2136 fuerit
926 2099 1135 2135 humanitus
1153 2099 1391 2147 adimpletum
1418 2100 1477 2135 Ita
1494 2101 1590 2148 quod
1607 2114 1672 2137 nec
1691 2114 1755 2150 ego
1772 2115 1837 2139 nec

303 2167 452 2204 heredes
469 2165 541 2201 mei
557 2177 622 2200 nec
640 2163 769 2211 aliquis
793 2161 939 2198 nomine
962 2166 1084 2197 nostro
1102 2161 1146 2197 de
1164 2166 1280 2197 cetero
1299 2161 1443 2209 aliquod
1456 2161 1517 2209 jus
1534 2162 1591 2198 vel
1609 2163 1782 2199 clameum
1799 2165 1838 2200 in

302 2229 465 2279 predicto
482 2239 601 2263 annuo
618 2225 763 2261 redditu
780 2237 847 2260 1166
864 2224 903 2259 111
921 2223 1027 2259 dictis
1045 2223 1149 2259 domo
1167 2227 1203 2258 et
1219 2223 1403 2270 particatis
1420 2228 1502 2271 post
1522 2224 1705 2261 decessum
1717 2239 1838 2263 meum

301 2294 528 2341 imponemus
562 2301 627 2325 nec
661 2288 843 2335 imponere
879 2286 1171 2333 manucapiemus
1213 2285 1280 2321 sub
1321 2298 1415 2333 pena
1456 2291 1601 2322 centum
1643 2287 1838 2326 solidorum

342 2393 352 2409 ¹
366 2395 394 2422 A
409 2396 426 2410 “
435 2392 587 2430 particate’¹
608 2400 639 2419 or
658 2391 724 2418 rood
741 2391 771 2417 of
787 2391 853 2418 land
873 2391 902 2417 111
917 2400 933 2417 a
946 2391 1050 2425 barony
1093 2389 1247 2418 Scotland.”
1282 2389 1400 2424 (Scottish
1413 2390 1503 2425 Burqh
1513 2390 1619 2417 Records
1632 2390 1738 2426 Soeiety,
1752 2394 1837 2427 1868,

299 2452 355 2470 was
375 2441 501 2477 eighteen
514 2439 579 2474 feet,
592 2438 621 2465 in
636 2447 652 2464 a
664 2437 753 2473 burgh
766 2437 789 2464 it
803 2446 857 2464 was
870 2440 974 2472 twenty
987 2436 1049 2464 feet.
1091 2445 1117 2472 p.
1138 2437 1210 2471 186.)

300 2489 446 2516 “Ancient
468 2487 545 2514 Laws
561 2484 616 2512 and
636 2483 761 2511 Oustoms
782 2483 812 2510 of
830 2483 877 2510 the
892 2482 998 2518 Burghs
1021 2482 1051 2509 of
