2130 2962
309 214 347 242 42
562 214 779 245 CHARTERS
802 215 854 246 OF
875 216 958 246 THE
981 216 1131 247 FRIARS
1153 215 1398 246 PREAOHERS
1421 215 1473 246 OF
1494 216 1590 246 AYR.

307 310 345 346 in
361 311 568 358 pensionem
585 324 686 347 suam
709 311 973 360 imperpetuum
991 312 1218 348 allocandum
1252 310 1329 354 Que
1346 310 1554 346 molendina
1571 315 1607 346 et
1624 310 1658 346 le
1676 310 1841 359 dammys

307 373 397 409 dicti
409 374 534 410 fratres
547 379 582 410 et
593 373 649 409 sui
660 386 874 410 successores
888 374 1090 422 sumptibus
1102 379 1138 410 et
1152 373 1315 422 expensis
1326 373 1400 409 suis
1411 373 1564 421 propriis
1575 373 1842 420 supportabunt

307 437 524 473 edificabunt
543 441 578 472 et
601 436 886 472 manutenebunt
914 449 978 484 pro
1008 442 1178 485 perpetuo
1220 436 1269 471 Et
1286 435 1482 484 burgenses
1507 447 1548 470 ac
1578 434 1840 483 stallagiatores

307 499 395 535 dicti
411 499 515 548 burgi
533 503 570 535 et
588 512 708 535 eorum
726 499 919 535 servientes
936 499 1076 535 solvent
1096 511 1161 547 pro
1179 497 1339 547 qualibet
1356 497 1452 533 bolla
1475 496 1648 532 frumenti
1666 509 1774 544 quam
1800 498 1839 533 in

306 562 413 597 dictis
440 561 654 598 molendinis
687 561 879 597 moluerint
909 566 982 597 tres
1013 561 1176 597 denarios
1203 561 1458 609 inperpetuum
1509 558 1558 595 Et
1586 559 1835 608 molendinarii

307 629 343 660 et
361 636 483 660 eorum
506 624 699 660 servientes
717 624 779 671 qui
795 636 859 672 pro
882 629 1041 672 tempore
1062 624 1198 660 fuerint
1218 624 1352 659 facient
1371 622 1586 659 fidelitatem
1607 627 1644 658 et
1660 621 1837 670 jurabunt

305 686 450 722 domino
475 691 596 722 nostro
613 686 703 734 Regi
727 691 763 722 et
781 686 921 722 ballivis
946 686 1051 734 burgi
1069 686 1113 722 de
1131 686 1202 722 Are
1221 686 1284 734 qui
1308 698 1373 734 pro
1391 690 1553 733 tempore
1578 684 1714 720 fuerint
1740 685 1837 732 quod

304 749 426 785 fideles
447 753 551 784 erunt
576 748 615 783 in
636 748 734 784 omni
755 747 868 783 officio
889 761 952 784 suo
971 748 1166 784 exercendo
1205 748 1356 795 Insuper
1382 746 1638 783 concordatum
1664 751 1719 782 est
1743 747 1838 783 inter

303 817 422 859 partes
433 811 609 859 predictas
623 810 719 859 quod
736 810 824 846 dicti
841 809 1033 858 burgenses
1051 815 1088 845 et
1106 822 1228 846 eorum
1246 822 1462 845 successores
1475 809 1631 844 reddant
1648 809 1835 845 annuatim

303 874 408 910 dictis
425 873 595 909 fratribus
613 877 648 908 et
666 872 739 908 suis
756 872 1015 907 successoribus
1032 872 1070 907 in
1087 872 1250 907 futurum
1269 872 1356 907 alias
1379 871 1504 907 decem
1520 871 1628 907 libras
1647 871 1691 907 de
1709 871 1834 919 primis

302 935 414 974 firmis
437 936 513 970 sive
537 933 690 982 denarijs
716 933 852 969 domini
881 934 993 969 nostri
1020 934 1112 982 regis
1128 934 1367 981 percipiendis
1393 938 1457 971 aut
1486 946 1555 981 que
1572 934 1708 982 percipi
1732 939 1833 982 pote-

301 1002 386 1033 runt
403 997 447 1033 de
464 997 576 1045 burgo
605 996 648 1031 de
674 995 746 1031 Are
770 995 931 1042 predicto
957 1008 1021 1043 per
1046 1009 1174 1031 manus
1193 996 1373 1044 camerarij
1395 996 1516 1032 Scocie
1534 1001 1571 1032 et
1587 996 1833 1034 ministrorum

302 1072 446 1096 suorum
474 1059 536 1107 qui
569 1070 634 1106 pro
656 1063 816 1105 tempore
842 1057 978 1093 fuerint
1002 1063 1111 1105 prout
1145 1058 1185 1093 in
1215 1058 1372 1106 quodam
1405 1058 1548 1094 decreto
1583 1071 1702 1095 coram
1735 1059 1832 1096 dicto

300 1121 444 1157 domino
461 1125 582 1156 nostro
596 1119 696 1155 Duce
713 1118 866 1154 Albanie
883 1119 980 1167 apud
998 1119 1106 1155 Perth
1125 1120 1221 1156 facto
1236 1125 1273 1156 et
1287 1120 1525 1156 determinato
1542 1126 1578 1157 et
1595 1121 1661 1157 sub
1675 1122 1831 1170 quodam

298 1183 534 1218 instrumento
554 1180 698 1228 publico
725 1180 861 1215 ibidem
878 1181 917 1215 in
933 1181 1041 1228 plano
1070 1182 1244 1218 scaccario
1271 1195 1378 1230 super
1405 1182 1473 1219 hoc
1500 1183 1664 1219 confecto
1691 1184 1830 1232 plenius

299 1244 504 1280 continetur
544 1242 589 1278 In
614 1254 766 1290 quorum
793 1243 955 1278 omnium
978 1244 1227 1280 testimonium
1252 1245 1348 1292 parti
1377 1245 1485 1280 huius
1502 1245 1694 1282 indenture
1722 1259 1830 1294 penes

299 1306 413 1342 dictos
430 1305 583 1354 priorem
601 1309 637 1340 et
654 1308 872 1339 conventum
889 1304 933 1340 de
951 1305 1023 1341 Are
1040 1307 1241 1342 remanenti
1251 1306 1409 1355 sigillum
1421 1320 1609 1344 commune
1627 1308 1715 1344 dicti
1726 1308 1830 1357 burgi

298 1368 342 1404 de
355 1368 426 1403 Are
443 1380 507 1415 pro
525 1371 696 1415 perpetuo
714 1370 769 1401 est
786 1379 982 1414 appensum
1000 1372 1037 1403 et
1054 1368 1157 1403 alteri
1173 1381 1258 1404 vero
1275 1369 1370 1416 parti
1387 1369 1494 1405 huius
1511 1370 1704 1406 indenture
1720 1383 1829 1418 penes

254 1466 260 1471 ,
297 1430 412 1466 dictos
437 1428 627 1477 burgenses
654 1433 690 1464 et
715 1428 1011 1465 communitatem
1037 1429 1124 1465 dicti
1150 1430 1255 1479 burgi
1281 1431 1325 1466 de
1348 1430 1421 1467 Are
1447 1432 1646 1468 remanenti
1672 1432 1829 1481 sigillum

297 1503 484 1527 commune
509 1490 598 1526 dicti
619 1494 817 1525 conventus
835 1502 990 1525 unacum
1008 1491 1124 1539 sigillo
1145 1491 1235 1527 dicti
1260 1492 1387 1540 prioris
1405 1493 1449 1529 de
1467 1494 1539 1530 Are
1565 1507 1630 1542 pro
1655 1501 1828 1543 perpetuo

297 1557 350 1588 est
375 1565 572 1600 appensum
595 1552 643 1587 Et
661 1550 707 1587 ad
732 1547 901 1587 maiorem
929 1552 1150 1588 evidenciam
1168 1558 1204 1589 et
1222 1555 1450 1590 securitatem
1468 1555 1574 1592 huius
1592 1557 1643 1592 rei
1668 1558 1829 1605 predicte

296 1614 392 1662 parti
408 1613 597 1649 indenture
614 1625 722 1660 penes
736 1613 850 1648 dictos
868 1613 1059 1661 burgenses
1078 1620 1113 1649 et
1131 1616 1425 1652 communitatem
1442 1619 1644 1654 remanenti
1670 1620 1828 1667 sigillum

297 1675 400 1723 officij
428 1675 550 1723 vicarij
587 1674 761 1723 generalis
786 1674 887 1722 regni
921 1674 1042 1710 Scocie
1068 1675 1202 1711 ordinis
1229 1677 1426 1724 supradicti
1451 1678 1490 1714 in
1517 1680 1828 1718 confirmacionem

297 1737 547 1784 permissorum
564 1749 628 1784 pro
648 1741 820 1784 perpetuo
839 1740 893 1771 est
911 1748 1107 1784 appensum
1133 1738 1191 1773 die
1210 1743 1246 1774 et
1263 1752 1356 1775 anno
1374 1741 1599 1789 supradictis.
