2130 2962
304 206 321 235 6
552 203 770 235 OHARTERS
793 203 845 235 OF
867 203 951 234 THE
973 201 1124 234 FRIARS
1146 200 1393 232 PREACHERS
1416 199 1469 231 OF
1490 198 1586 229 AYR.

301 297 518 335 dicatoribus
536 297 663 334 domus
681 302 801 334 sancte
820 297 993 333 Katerine
1014 296 1060 333 de
1081 296 1154 332 Are
1174 293 1403 344 presentibus
1433 298 1471 330 et
1496 292 1631 329 futuris
1648 291 1688 327 in
1714 298 1844 339 puram

303 366 339 397 et
364 366 574 409 perpetuam
599 361 829 397 elemosinam
858 373 922 408 pro
953 359 1178 396 exhibicione
1205 358 1314 395 unius
1341 355 1539 394 sacerdotis
1565 353 1780 391 celebrantis
1808 357 1844 388 et

301 423 437 460 lumine
452 424 702 472 exspendendo
727 424 767 460 in
784 423 945 472 cappella
969 422 1073 459 beate
1091 422 1205 458 Marie
1222 421 1375 471 virginis
1401 420 1582 456 dictorum
1599 417 1753 453 fratrum
1778 428 1844 464 per

300 498 365 522 nos
393 491 596 523 constructa
621 500 686 535 pro
714 487 833 522 anima
859 490 980 522 nostra
1008 490 1045 521 et
1072 484 1258 521 animabus
1285 487 1478 532 parentum
1507 485 1714 517 nostrorum
1742 483 1843 514 ante-

301 561 479 585 cessorum
505 554 541 585 et
567 562 807 585 successorum
833 553 870 585 et
896 561 960 596 pro
988 547 1175 584 animabus
1201 547 1363 583 omnium
1389 545 1552 582 fidelium
1587 542 1842 579 defunctorum

300 611 564 660 imperpetuum
581 612 683 647 illum
700 624 860 647 annuum
877 611 1061 647 redditum
1079 615 1223 647 centum
1241 609 1438 645 solidorum
1455 607 1559 644 nobis
1577 605 1743 642 debitum
1766 604 1842 640 sive

300 679 491 710 exeuntem
504 674 548 710 de
562 679 655 710 terra
669 674 712 709 de
727 673 812 710 Cars
830 678 866 709 et
884 673 928 709 de
946 672 1183 709 Bulschalach
1200 671 1294 708 infra
1311 671 1408 720 Kyle
1425 670 1520 719 regis
1537 682 1578 705 ac
1596 669 1711 705 eciam
1727 672 1844 704 totam

297 736 396 772 illam
413 737 550 784 peciam
566 740 659 772 terre
675 749 755 772 cum
768 736 997 784 pertinenciis
1010 735 1054 771 de
1072 735 1233 783 Duppoll
1250 747 1320 783 que
1338 738 1439 770 erant
1456 732 1641 782 quondam
1661 730 1688 768 J
1690 731 1843 767 ohannis

300 797 345 833 de
374 798 593 845 Kylmernoc
623 798 716 833 infra
745 810 889 845 campos
916 798 1022 846 burgi
1051 797 1096 833 de
1123 797 1196 833 Are
1223 796 1399 833 tenendas
1427 801 1463 832 et
1490 794 1675 831 habendas
1705 793 1841 830 eisdem

298 859 467 896 fratribus
486 865 521 895 et
544 872 665 895 eorum
686 860 944 895 successoribus
963 872 984 895 a
1000 859 1104 895 nobis
1130 864 1167 895 et
1193 859 1383 895 heredibus
1413 858 1547 894 nostris
1570 858 1840 905 imperpetuum

298 934 361 969 per
378 934 500 957 omnes
516 926 629 957 rectas
646 926 759 957 metas
778 926 813 957 613
830 922 964 957 divisas
985 935 1066 957 suas
1089 934 1171 957 cum
1196 921 1363 958 omnibus
1389 920 1617 957 libertatibus
1644 920 1839 956 commodi-

297 984 432 1020 tatibus
462 989 498 1020 et
527 984 741 1031 asyamentis
771 984 817 1019 ad
847 984 980 1019 dictam
1010 984 1149 1031 peciam
1178 988 1272 1020 terre
1303 983 1551 1032 spectantibus
1582 995 1646 1019 seu
1680 987 1841 1031 spectare

297 1046 499 1082 valentibus
524 1046 563 1081 in
587 1046 752 1081 futurum
777 1046 865 1082 adeo
890 1046 1001 1082 libere
1027 1050 1063 1082 et
1084 1046 1205 1094 quiete
1229 1046 1389 1094 plenarie
1414 1046 1554 1094 integre
1581 1049 1618 1081 et
1643 1045 1840 1082 honorifice

297 1108 387 1144 bene
405 1113 441 1144 et
457 1108 495 1143 in
512 1120 598 1155 pace
615 1108 708 1143 sicut
725 1108 836 1156 aliqui
852 1108 1009 1156 religiosi
1034 1109 1191 1157 aliquam
1206 1114 1419 1157 perpetuam
1445 1109 1677 1145 elemosinam
1694 1108 1734 1144 in
1759 1113 1840 1145 130130

296 1182 405 1217 regno
436 1169 555 1206 860616
585 1170 719 1206 habent
749 1183 811 1206 seu
840 1170 1008 1218 posident
1038 1171 1086 1206 Et
1112 1184 1178 1207 nos
1213 1184 1298 1207 vero
1333 1171 1517 1219 predictus
1550 1171 1767 1207 Malcolmus
1801 1176 1839 1208 613

296 1230 441 1267 heredes
470 1232 585 1267 nostri
615 1236 734 1268 totum
760 1232 960 1280 predictum
997 1245 1158 1269 annuum
1184 1233 1369 1270 redditum
1399 1238 1547 1270 centum
1575 1233 1773 1269 solidorum
1801 1239 1839 1270 et

295 1297 410 1328 totam
447 1293 645 1341 predictam
686 1295 823 1342 peciam
857 1299 951 1330 terre
985 1308 1067 1330 cum
1101 1295 1332 1343 pertinenciis
1371 1295 1546 1344 predictis
1583 1295 1756 1332 fratribus
1798 1297 1838 1332 in

296 1355 459 1391 omnibus
478 1360 514 1391 et
529 1369 593 1403 per
610 1357 728 1392 omnia
745 1361 788 1392 ut
804 1357 1041 1405 prescriptum
1059 1362 1113 1393 est
1139 1362 1265 1394 contra
1290 1370 1415 1394 omnes
1437 1358 1604 1394 viventes
1627 1358 1838 1395 warentiza-

294 1416 412 1452 bimus
425 1417 707 1464 acquietabimus
721 1422 756 1453 et
769 1418 1035 1466 imperpetuum
1053 1419 1287 1456 defendemus
1338 1420 1383 1456 In
1401 1420 1502 1456 cuius
1519 1420 1571 1456 rei
1588 1420 1839 1457 testimonium

294 1480 452 1526 presenti
470 1484 565 1515 carte
587 1484 707 1516 nostre
729 1480 887 1529 sigillum
910 1486 1073 1517 nostrum
1091 1486 1146 1518 est
1172 1495 1371 1530 appensum
1395 1482 1479 1519 Hiis
1499 1482 1654 1519 testibus
1681 1483 1838 1520 dominis

294 1540 469 1576 Duncano
493 1540 655 1577 CambeP
680 1541 796 1578 Alano
815 1542 859 1578 de
877 1542 1077 1579 Κ613111ς61132
1102 1543 1260 1580 Roberto
1277 1544 1440 1592 Wallays
1458 1544 1638 1582 militibus
1657 1551 1693 1582 et
1710 1546 1838 1583 multis

295 1601 373 1637 aliis
423 1602 560 1638 Datum
583 1602 679 1651 apud
695 1603 767 1639 Are
785 1604 894 1640 tercio
913 1604 971 1640 die
998 1605 1131 1641 mensis
1159 1605 1246 1654 Maij
1277 1607 1363 1642 anni
1390 1606 1529 1643 domini
1555 1608 1741 1645 millesimi
1768 1608 1838 1646 ccci

295 1663 464 1699 tricesimi
481 1664 599 1701 sexti.3

957 1752 1161 1791 ABsrRAcr.

372 1848 522 1884 Oharter
544 1849 595 1897 by
617 1849 786 1885 Malcolm
811 1850 1000 1900 Flemyng,
1027 1851 1113 1887 Earl
1138 1852 1179 1888 of
1200 1852 1363 1902 Wigton,
1391 1856 1566 1906 granting
1590 1863 1629 1894 130
1657 1859 1739 1896 Grod
1765 1861 1838 1897 and

296 1909 400 1947 Saint
417 1910 532 1959 Mary,
551 1911 623 1947 and
644 1917 682 1948 to
710 1912 772 1948 the
800 1913 918 1949 Friars
945 1913 1135 1950 Preachers
1164 1916 1205 1951 of
1228 1915 1291 1952 the
1308 1916 1420 1953 house
1438 1918 1479 1954 of
1504 1918 1557 1956 813.
1577 1920 1781 1959 Katherine
1800 1923 1840 1960 of

296 1972 384 2020 Ayr,
413 1973 452 2008 in
479 1985 567 2020 pure
594 1973 666 2009 and
691 1975 877 2022 perpetual
904 1975 1005 2020 alms,
1031 1975 1088 2012 for
1115 1977 1177 2013 the
1204 1977 1456 2017 maintenance
1480 1982 1521 2017 of
1542 1996 1609 2019 one
1637 1984 1837 2036 officiating

296 2035 416 2082 priest,
440 2035 511 2071 and
528 2035 621 2084 light
636 2041 675 2072 to
692 2036 737 2073 be
760 2037 848 2073 used
865 2038 904 2073 in
920 2038 982 2074 the
1000 2038 1125 2086 chapel
1151 2039 1191 2075 of
1207 2040 1270 2076 the
1287 2040 1428 2079 blessed
1447 2043 1702 2097 Virgin'Mary
1720 2049 1761 2085 of
1774 2049 1836 2086 the

296 2097 372 2132 said
384 2097 497 2142 friars,
509 2098 602 2134 built
614 2098 664 2147 by
674 2099 736 2136 the
753 2100 831 2136 said
845 2101 925 2144 carl,
937 2101 992 2138 for
1004 2102 1061 2138 his
1076 2115 1157 2139 own
1176 2104 1255 2140 soul
1269 2105 1342 2141 and
1355 2106 1418 2142 the
1436 2107 1533 2143 souls
1552 2109 1592 2145 of
1606 2109 1663 2146 his
1680 2117 1837 2159 parents,

299 2164 374 2203 etc„
395 2173 441 2195 an
459 2160 671 2197 annualrent
697 2161 737 2197 of
766 2165 835 2198 100
864 2163 1029 2212 shillings
1048 2169 1111 2200 out
1130 2165 1170 2201 of
1192 2165 1256 2202 the
1273 2166 1378 2204 lands
1396 2168 1436 2204 of
1459 2169 1545 2207 Oars
1563 2172 1637 2208 and
1662 2173 1836 2211 Bulscha-

297 2220 375 2256 lach
394 2221 433 2257 in
450 2222 547 2270 Kyle
564 2223 658 2272 regis
673 2237 680 2260 :
708 2224 780 2260 and
797 2225 871 2261 also
889 2226 937 2261 all
954 2226 1036 2262 that
1052 2227 1152 2274 piece
1169 2228 1210 2264 of
1233 2228 1332 2275 land,
1359 2231 1450 2268 with
1475 2233 1540 2270 the
1565 2236 1780 2283 pertinents‚
1800 2238 1841 2274 of

297 2282 465 2331 Duppoll,
481 2285 597 2321 which
614 2285 789 2335 belonged
806 2292 844 2323 to
862 2288 923 2324 the
940 2288 1013 2324 late
1029 2288 1127 2325 John
1145 2290 1184 2326 of
1198 2290 1429 2339 Kylmernoc,
1447 2295 1578 2333 within
1596 2298 1659 2335 the
1676 2299 1782 2337 lands
1801 2301 1842 2337 of

296 2345 358 2381 the
375 2346 491 2395 burgh
508 2347 548 2383 of
560 2347 646 2396 Ayr.
699 2349 820 2386 Dated
837 2355 875 2386 at
893 2350 970 2399 Ayr
989 2351 1037 2387 3d
1054 2351 1143 2400 May
1163 2356 1269 2392 1336.

705 2446 716 2463 ¹
736 2449 795 2484 Ray.
809 2450 883 2484 May.
899 2449 952 2485 Siq.
966 2450 1082 2485 (Record
1096 2452 1218 2488 edition),
1231 2462 1258 2490 p.
1276 2457 1303 2489 8,
1317 2455 1369 2483 No.
1385 2459 1432 2484 38.

529 2491 540 2510 2
563 2493 703 2530 Douglas’s
717 2495 828 2532 Peeraye
841 2497 948 2532 (1813),
962 2497 1015 2525 vol.
1031 2498 1048 2525 i.
1062 2507 1088 2534 p.
1107 2500 1173 2528 339.
1356 2501 1367 2518 3
1388 2503 1450 2531 8661
1463 2506 1592 2543 wanting.
