2130 2962
303 208 363 238 116
557 207 774 238 CHARTERS
797 207 849 238 OF
871 207 955 239 THE
975 206 1125 238 FRIARS
1146 205 1390 237 PREAGHERS
1413 206 1466 238 OF
1486 207 1581 238 AYR.

300 315 365 351 per
381 303 523 339 firmam
540 303 629 340 dicti
646 304 752 353 burgi
777 304 821 340 de
839 304 1001 353 predicto
1027 303 1183 340 termino
1200 302 1350 339 Summa
1367 307 1470 350 patet
1486 302 1541 339 De
1559 315 1631 352 qua
1655 303 1841 342 Fratribus

302 365 591 402 Predicatoribus
626 366 670 403 (16
704 367 776 403 Α16
813 367 854 404 111
890 372 1031 415 partem
1064 367 1188 403 decem
1221 365 1394 401 librarum
1428 365 1480 401 eis
1514 378 1760 403 concessarum
1795 380 1840 404 ex

302 428 494 465 elemosina
518 429 611 478 regis
630 442 749 466 annua
771 443 836 478 pro
862 430 1126 466 sustentacione
1152 441 1217 465 sua
1242 432 1279 464 et
1304 427 1479 464 domuum
1500 441 1646 465 suarum
1664 428 1709 465 de
1726 429 1840 466 firmis

302 491 587 527 molendinorum
605 491 743 528 domini
759 493 853 542 regis
870 492 945 529 sive
964 492 1008 528 de
1025 492 1137 528 firmis
1155 490 1260 539 burgi
1277 489 1337 526 ixfi
1355 489 1435 538 viij*³
1454 489 1539 539 iiijsl.

809 614 812 624 s
833 648 927 699 [Vol.
948 649 975 685 Ι.
995 661 1029 697 p.
1053 649 1135 685 527.
1192 645 1317 696 1345]

371 735 597 784 00111110111111
622 736 886 784 prepositorum
910 735 1016 784 burgi
1034 734 1078 771 de
1095 733 1168 771 Are
1193 733 1377 771 redditum
1394 735 1492 783 apud
1509 735 1641 773 Dunde
1659 741 1761 774 sexto
1780 737 1838 774 die

304 796 461 846 Augusti
479 811 574 834 anno
599 799 716 847 gracie
741 797 874 846 [1343]
898 810 962 845 per
978 797 1002 833 J
1003 797 1181 833 ohannem
1198 797 1366 833 clericum
1392 803 1429 834 et
1448 797 1650 835 VValterum
1668 799 1713 836 de
1730 799 1838 836 Abir-

304 859 414 908 dalgy
431 860 623 909 burgenses
640 860 728 896 dicti
744 860 850 908 burgi
867 859 912 895 de
929 859 1080 907 receptis
1098 859 1171 895 suis
1189 864 1225 895 et
1242 860 1406 908 expensis
1424 860 1608 898 firmarum
1625 862 1715 899 dicti
1731 862 1837 912 burgi

304 922 349 958 de
366 922 506 958 duobus
527 922 690 958 terminis
728 951 735 959 .
778 949 786 957 .
827 950 835 958 .
877 921 926 957 Et
951 920 1135 957 Fratribus
1160 921 1447 959 Predicatoribus
1464 923 1509 960 de
1526 923 1598 960 Are
1623 924 1669 961 de
1685 929 1836 974 Vtroque

303 983 457 1019 termino
474 982 542 1020 ixfi.

823 1056 919 1105 [vol.
941 1057 970 1094 Ι.
989 1070 1024 1105 p.
1046 1061 1128 1095 609.
1185 1057 1310 1107 1359]

379 1156 595 1205 Compotum
612 1157 759 1194 Roberti
774 1157 872 1193 Smal
890 1157 1106 1193 aldirmanni
1123 1157 1229 1206 burgi
1243 1157 1287 1193 de
1304 1157 1377 1194 Are
1389 1159 1572 1197 redditum
1589 1163 1686 1210 apud
1702 1163 1835 1202 Dunde

302 1219 368 1255 vit0
383 1219 517 1267 Aprilis
535 1220 679 1255 nomine
696 1219 911 1255 ballivorum
925 1219 1013 1255 dicti
1029 1219 1134 1267 burgi
1151 1232 1244 1255 anno
1263 1219 1401 1256 domini
1417 1222 1606 1260 millesimo
1623 1234 1725 1261 666ΠΕιο
1749 1226 1835 1263 lix¹²o

304 1280 348 1316 de
374 1281 525 1328 receptis
550 1282 622 1317 suis
649 1286 685 1317 et
711 1281 875 1329 expensis
902 1281 946 1316 (16
973 1281 1137 1317 omnibus
1162 1281 1252 1317 dicti
1277 1282 1381 1331 burgi
1406 1283 1518 1320 firmis
1544 1298 1566 1321 a
1590 1286 1683 1323 festo
1710 1287 1836 1326 Sancti

303 1341 455 1378 Martini
472 1343 557 1378 anni
571 1347 635 1380 etc.
652 1343 701 1378 lmi
717 1356 828 1390 usque
846 1343 941 1378 diem
958 1342 1064 1378 huius
1082 1344 1239 1391 compoti
1257 1343 1427 1380 videlicet
1439 1358 1503 1393 per
1519 1347 1583 1384 xvi
1599 1350 1772 1386 terminos
1790 1350 1835 1387 In

302 1403 427 1451 primis
445 1409 568 1441 onerat
581 1417 618 1440 se
636 1417 699 1452 per
715 1404 835 1440 firmas
853 1404 942 1440 dicti
959 1404 1064 1453 burgi
1080 1410 1241 1453 receptas
1258 1418 1322 1453 per
1339 1406 1454 1443 dictos
1467 1408 1646 1446 sexdecim
1663 1413 1836 1450 terminos

303 1465 348 1501 (16
383 1463 493 1501 xxix*i
517 1471 560 1502 ut
584 1471 687 1514 patet
712 1465 810 1514 [per]
842 1466 961 1502 literas
992 1467 1264 1503 camerariorum
1290 1468 1334 1504 (16
1360 1469 1586 1507 assedacione
1612 1472 1701 1509 dicti
1730 1474 1835 1524 burgi

304 1532 463 1563 ostensas
487 1541 592 1576 super
610 1535 816 1577 compotum
833 1542 920 1577 quas
944 1526 1053 1565 xxixfi
1071 1535 1255 1578 computat
1271 1543 1308 1567 se
1332 1532 1479 1569 solvisse
1497 1533 1681 1572 Fratribus
1699 1538 1744 1574 de
1761 1538 1834 1575 Are

303 1601 367 1636 per
400 1589 521 1626 literas
546 1592 784 1638 preceptorias
814 1591 992 1627 dictorum
1019 1592 1291 1628 camerariorum
1317 1594 1380 1641 qui
1409 1607 1474 1642 pro
1505 1600 1664 1645 tempore
1689 1599 1833 1636 fuerant

304 1656 462 1687 ostensas
496 1664 602 1699 super
635 1657 841 1700 compotum
871 1665 1025 1688 unacum
1058 1653 1171 1689 literis
1203 1652 1382 1691 dictorum
1415 1656 1584 1694 Fratrum
1619 1659 1664 1696 de
1688 1667 1832 1710 recepto

303 1713 452 1749 ostensis
469 1726 574 1761 super
591 1719 796 1762 compotum
814 1715 861 1750 Et
878 1715 928 1750 sic
946 1727 1043 1762 eque.

892 1837 988 1887 [Vol.
1010 1839 1058 1876 II.
1078 1853 1112 1888 p.
1134 1840 1237 1889 210]

379 1926 595 1974 Compotum
622 1926 808 1962 Michaelis
835 1926 879 1962 de
907 1926 1126 1963 Schanthare
1145 1932 1181 1963 et
1197 1927 1276 1964 Ade
1294 1928 1404 1965 Stork
1429 1931 1645 1969 ballivorum
1662 1933 1768 1983 burgi
1786 1935 1831 1972 (16

303 1987 375 2023 Are
392 1987 574 2023 redditum
594 2001 658 2036 per
673 1988 697 2024 J
699 1988 875 2024 ohannem
900 1988 1015 2024 filium
1033 1989 1183 2025 Walteri
1200 1991 1297 2038 apud
1314 1991 1425 2028 Perth
1446 1993 1583 2030 decimo
1602 1996 1756 2044 septimo
1774 1997 1833 2034 die

302 2048 463 2098 Januarij
494 2047 626 2098 [1365]
643 2049 687 2086 de
713 2050 877 2086 omnibus
903 2051 1054 2098 receptis
1071 2051 1144 2087 suis
1170 2057 1207 2087 et
1233 2054 1398 2100 expensis
1421 2055 1466 2091 de
1491 2056 1604 2093 firmis
1621 2063 1658 2094 et
1675 2059 1833 2096 exitibus

304 2110 393 2147 dicti
418 2111 522 2159 burgi
548 2125 569 2147 a
594 2111 684 2148 festo
711 2112 836 2148 Sancti
865 2112 1014 2148 Martini
1038 2110 1172 2161 [1364]
1197 2114 1376 2152 exclusive
1398 2129 1510 2165 usque
1534 2119 1573 2155 in
1603 2120 1700 2157 diem
1725 2122 1833 2159 huius

304 2174 461 2221 compoti
487 2178 524 2209 et
551 2174 601 2209 sic
619 2173 663 2209 de
692 2174 831 2210 duobus
851 2175 1013 2211 terminis
1040 2175 1140 2211 Idem
1167 2181 1291 2212 onerat
1318 2190 1356 2214 se
1374 2178 1419 2215 de
1445 2180 1514 2228 iiijs
1534 2181 1607 2230 iiijd
1624 2196 1688 2231 per
1712 2185 1833 2222 firmas

304 2234 392 2270 dicti
416 2235 520 2284 burgi
544 2235 588 2271 de
613 2235 752 2272 duobus
778 2237 941 2272 terminis
963 2236 1110 2273 Summa
1126 2243 1266 2286 recepte
1289 2245 1392 2287 patet
1417 2241 1473 2278 De
1498 2256 1569 2292 qua
1591 2252 1778 2295 computat
1796 2249 1835 2284 in

303 2297 481 2333 solucione
501 2297 597 2333 faeta
622 2298 808 2335 Fratribus
833 2299 1120 2336 Predicatoribus
1146 2300 1191 2336 de
1208 2300 1280 2337 Are
1306 2304 1588 2352 percipientibus
1605 2308 1726 2346 firmas
1744 2310 1835 2347 dicti

302 2359 407 2408 burgi
432 2372 543 2408 usque
570 2360 616 2396 ad.
642 2374 819 2397 summam
842 2362 974 2411 viginti
999 2375 1196 2398 marcarum
1222 2368 1264 2399 ut
1289 2370 1392 2412 patet
1417 2380 1481 2415 per
1505 2368 1630 2407 literas*
1654 2371 1833 2409 dictorum

304 2421 470 2458 Fratrum
487 2422 531 2458 de
549 2428 691 2472 recepto
710 2429 869 2460 ostensas
887 2437 993 2473 super
1019 2429 1224 2473 compotum
1243 2426 1286 2463 de
1305 2427 1410 2466 dictis
1428 2430 1568 2468 duobus
1585 2434 1749 2471 terminis
1765 2435 1834 2484 111]Ἦ

301 2483 386 2532 iiijd.
