2130 2962
553 213 771 245 OHARTERs
795 214 847 245 OF
868 213 951 244 THE
973 213 1123 244 FRIARs
1146 213 1390 247 PREAOHERS
1413 216 1464 247 OF
1485 217 1579 249 AYR.
1793 222 1832 251 39

297 310 485 346 dominum
502 315 667 346 nostrum
685 310 871 347 dominum
890 310 1087 347 Robertum
1104 312 1254 348 tertium
1271 312 1340 349 Dei
1357 314 1474 362 gracia
1490 327 1610 364 regem
1629 315 1833 354 Scottorum

297 373 478 409 illustrem
495 374 684 410 annuatim
711 386 776 422 pro
804 373 921 410 decim
947 373 1049 410 libris
1079 374 1214 411 usualis
1243 380 1388 412 monete
1414 382 1522 424 prout
1552 378 1591 414 in
1622 383 1718 415 carta
1745 379 1834 416 dicti

300 435 439 472 domini
462 437 555 485 regis
581 436 666 472 inde
693 436 856 472 confecta
881 436 1078 473 ‹et-ibidem
1105 442 1246 474 ostensa
1264 438 1330 474 sub
1353 452 1417 475 suo
1435 452 1564 489 magno
1590 441 1706 490 sigillo
1728 442 1834 490 plene

299 498 552 535 continebatur
591 499 640 535 Et
657 498 840 535 decretum
865 499 979 547 ipsius
996 499 1135 536 domini
1162 501 1263 537 ducis
1292 506 1412 538 ratum
1439 515 1580 540 servare
1615 505 1835 552 temporibus

298 561 430 597 futuris
446 574 512 609 pro
529 566 704 609 perpetuo
721 561 837 597 latum
855 561 893 597 in
910 562 1093 610 premissis
1120 562 1235 611 Super
1260 563 1389 612 quibus
1406 564 1493 601 visis
1510 565 1696 614 utriusque
1721 568 1835 615 partis

299 624 439 673 prefate
469 624 577 660 cartis
607 623 800 660 evidentiis
830 629 867 660 et
894 625 985 661 actis
1018 625 1247 673 parliamenti
1276 638 1317 662 ac
1348 639 1469 662 earum
1495 627 1768 676 allegationibus
1799 634 1836 666 et

300 686 498 723 rationibus
528 686 759 722 consideratis
784 691 821 722 et
845 691 986 723 mature
1011 687 1203 724 intellectis
1229 688 1347 724 dictus
1372 688 1540 726 dominus
1565 690 1640 726 dux
1664 703 1728 739 per
1754 704 1838 728 con-‚

301 749 555 786 siderationem
572 748 628 784 sui
645 748 782 797 consilij
811 749 992 786 ordinavit
1017 749 1273 787 determinavit
1290 755 1327 787 et
1345 751 1503 788 decrevit
1521 752 1618 800 quod
1635 753 1724 789 dicti
1742 767 1835 790 com-

300 811 450 860 missarij
467 816 503 848 et
520 811 760 847 communitas
772 812 928 848 reddant
942 813 1130 849 annuatim
1142 813 1246 850 dictis
1259 813 1430 850 fratribus
1442 819 1478 850 et
1491 815 1565 851 suis
1579 816 1837 853 successoribus

301 876 340 911 in
357 875 521 910 futurum
542 874 656 910 dictas
670 874 804 923 viginti
829 875 938 911 libras
963 876 1096 923 petitas
1122 876 1167 912 de
1192 876 1317 924 primis
1341 876 1454 912 firmis
1480 877 1555 913 sive
1580 877 1735 914 denariis
1759 891 1838 926 per-

303 937 475 986 cipiendis
501 941 566 973 aut
591 949 661 985 que
685 937 822 985 percipi
839 942 1012 986 poterunt
1030 938 1074 974 dc
1092 938 1207 987 burgo
1226 943 1263 974 et
1285 938 1498 974 molendinis
1516 939 1560 975 de
1577 938 1650 975 Are
1666 940 1838 988 predictis

302 1014 365 1049 per
382 1012 510 1036 manus
528 999 710 1047 camerarij
739 999 857 1036 Scotie
875 1005 912 1036 et
928 1000 1177 1036 ministrorum
1195 1013 1339 1036 suorum
1357 1001 1419 1049 qui
1435 1014 1500 1049 pro
1517 1006 1677 1049 tempore
1702 1002 1837 1039 fuerint

304 1063 334 1099 si
352 1062 487 1098 dictam
513 1061 776 1098 assedationem
801 1061 931 1098 habere
948 1062 1130 1098 voluerint
1148 1067 1184 1098 et
1200 1067 1321 1099 tenere
1357 1063 1529 1111 Alioquin
1547 1064 1681 1100 dictam
1698 1065 1838 1101 asseda-

302 1126 438 1162 tionem
464 1124 653 1160 dimittant
678 1124 768 1160 dicti
794 1124 1026 1173 commissarij
1055 1130 1092 1161 et
1118 1125 1353 1161 communitas
1377 1125 1421 1161 de
1446 1125 1518 1161 Are
1542 1130 1578 1162 et
1595 1139 1673 1162 eam
1698 1140 1838 1163 sursum

303 1187 457 1224 reddant
481 1187 628 1223 domino
644 1192 768 1223 nostro
786 1187 862 1235 regi
878 1187 937 1223 vel
955 1200 1019 1223 suo
1037 1187 1228 1223 camerario
1245 1192 1288 1223 ut
1304 1187 1388 1223 inde
1405 1187 1525 1223 valeat
1541 1188 1726 1236 disponere
1744 1190 1839 1225 sicut

304 1250 440 1286 solebat
458 1254 495 1286 et
520 1249 709 1285 consuevit
726 1249 773 1285 ad
790 1249 891 1285 cuius
917 1249 1099 1297 camerarij
1119 1262 1247 1285 manus
1274 1249 1363 1285 dicti
1379 1249 1506 1285 fratres
1523 1250 1678 1286 habeant
1696 1264 1840 1288 cursum

304 1313 351 1349 ad
374 1325 475 1348 suam
500 1312 711 1360 pensionem
736 1311 932 1360 petendam
957 1312 1028 1348 nisi
1054 1312 1124 1348 alia
1148 1312 1365 1347 interveniat
1392 1312 1580 1347 concordia
1605 1313 1699 1348 inter
1724 1313 1839 1350 dictas

304 1380 423 1423 partes
437 1374 551 1423 Super
565 1374 696 1422 quibus
710 1374 828 1410 dictus
841 1374 939 1422 prior
951 1387 972 1409 a
985 1386 1042 1409 me
1055 1374 1194 1409 notario
1207 1373 1352 1421 publico
1366 1373 1563 1422 subscripto
1575 1374 1643 1410 sibi
1655 1375 1839 1423 publicum

305 1437 414 1485 peciit
430 1436 507 1472 fieri
525 1436 809 1472 instrumentum
859 1435 954 1472 Acta
970 1436 1117 1471 fuerunt
1133 1435 1198 1471 hec
1216 1436 1312 1483 apud
1330 1436 1441 1472 Perth
1457 1436 1496 1472 in
1508 1437 1664 1484 pretorio
1683 1437 1841 1473 eiusdem

306 1512 398 1535 anno
412 1499 469 1535 die
482 1511 604 1534 mense
621 1498 836 1546 pontificatu
854 1503 891 1534 et
907 1498 1104 1534 indictione
1121 1498 1251 1545 quibus
1269 1510 1376 1545 supra
1392 1498 1617 1546 presentibus
1633 1499 1840 1546 potentibus

305 1562 392 1598 viris
409 1561 555 1597 domino
572 1560 596 1596 J
597 1560 738 1596 ohanne
756 1560 923 1596 Forester
938 1560 1054 1596 milite
1072 1559 1246 1608 deputato
1273 1560 1410 1596 domini
1436 1560 1624 1608 Oamerarij
1654 1560 1771 1597 Scotie
1796 1574 1841 1597 ex

306 1629 407 1672 parte
434 1623 583 1659 australi
618 1635 710 1671 aque
736 1623 781 1659 de
809 1622 921 1658 Forth
950 1622 1095 1658 domino
1124 1622 1306 1658 Willelmo
1332 1622 1435 1670 Lang
1458 1627 1593 1658 rectore
1624 1622 1768 1658 ecclesie
1797 1622 1841 1658 (16

306 1686 411 1722 Erole
427 1686 593 1722 «Iohanne
610 1685 655 1721 de
683 1685 857 1721 Crauford
875 1685 1061 1721 secretario
1080 1684 1217 1720 domini
1239 1685 1352 1720 nostri
1368 1684 1461 1731 regis
1479 1683 1624 1720 Andrea
1646 1685 1690 1720 de
1709 1685 1840 1720 Hawik

307 1749 453 1785 custode
482 1748 591 1797 sigilli
622 1747 711 1783 dicti
741 1748 879 1784 domini
906 1747 979 1783 mei
1008 1747 1109 1783 ducis
1139 1747 1321 1783 Willelmo
1351 1746 1396 1782 de
1426 1746 1574 1783 Oamera
1603 1747 1648 1782 (16
1673 1746 1842 1783 Abredon

306 1813 462 1849 Roberto
491 1812 615 1848 Broun
640 1812 664 1848 J
666 1811 806 1848 ohanne
835 1810 880 1846 de
905 1810 1000 1845 Leth
1026 1809 1071 1845 de
1098 1809 1209 1845 Perth
1237 1815 1272 1845 et
1301 1809 1346 1845 de
1376 1808 1582 1844 Edinburch
1607 1809 1842 1857 burgensibus

306 1875 487 1912 Willelmo
502 1875 641 1911 Ourour
653 1874 698 1910 de
712 1872 921 1909 Edinburch
934 1877 971 1908 et
984 1872 1063 1908 aliis
1081 1871 1231 1907 testibus
1250 1871 1296 1907 ad
1308 1872 1479 1919 premissa
1491 1871 1628 1907 vocatis
1642 1871 1842 1919 specialiter

307 1943 343 1974 et
372 1938 507 1987 rogatis
533 1937 581 1973 Et
607 1937 654 1973 ad
683 1936 855 1972 maiorem
883 1934 990 1970 huius
1015 1934 1068 1970 rei
1096 1933 1306 1969 firmitatem
1333 1933 1503 1969 noticiam
1529 1938 1565 1969 et
1590 1933 1699 1969 fidem
1725 1933 1842 1976 dictus

306 2001 472 2037 dominus
497 2000 573 2036 dux
595 2011 741 2048 presens
766 1997 952 2046 publicum
977 1997 1258 2032 instrumentum
1281 1995 1509 2043 impressione
1529 1995 1584 2031 sui
1605 1995 1713 2043 sigilli
1734 1994 1844 2043 jussit

307 2063 527 2100 communiri.

381 2127 429 2163 Et
446 2139 512 2175 ego
534 2124 559 2161 J
560 2124 717 2161 ohannes
738 2123 783 2159 de
808 2122 966 2159 Ochiltre
984 2121 1239 2158 Sanctiandree
1265 2119 1414 2155 diocesis
1438 2119 1603 2167 publicus
1630 2119 1843 2155 auctoritate

455 2187 652 2237 apostolica
669 2186 830 2222 notarius
847 2185 1031 2234 premissis
1057 2183 1270 2220 confessioni
1290 2181 1535 2218 submissionis
1556 2181 1844 2217 determinationi

456 2250 677 2288 ordinationi
691 2254 728 2285 et
742 2249 883 2286 decreto
897 2249 985 2285 dum
999 2248 1049 2284 sic
1066 2247 1168 2283 fieret
1184 2250 1227 2281 ut
1244 2244 1421 2293 prefertur
1438 2249 1474 2280 et
1491 2248 1656 2293 ageretur
1672 2256 1745 2279 una
1762 2256 1844 2279 cum

455 2312 662 2350 memoratis
687 2311 843 2348 testibus
861 2311 900 2347 in
916 2310 1100 2359 presencia
1117 2309 1297 2345 dictorum
1313 2306 1500 2343 reverendi
1521 2306 1633 2353 patris
1652 2310 1688 2341 et
1704 2307 1844 2355 magni-

455 2377 517 2413 fici
541 2375 715 2424 principis
739 2387 884 2423 presens
910 2374 964 2410 fui
978 2385 1089 2422 eaque
1107 2372 1157 2408 sic
1178 2370 1255 2407 fieri
1271 2369 1349 2406 vidi
1375 2369 1465 2406 scivi
1482 2373 1518 2405 et
1543 2369 1668 2405 audivi
1686 2374 1722 2405 et
1748 2382 1789 2405 ea
1806 2370 1845 2406 in

456 2440 551 2476 hanc
568 2438 751 2487 publicam
768 2437 921 2473 formam
933 2436 1055 2485 redegi
1070 2447 1151 2471 cum
1165 2433 1309 2470 nomine
1326 2445 1406 2468 meo
1420 2436 1457 2468 et
1466 2431 1724 2480 subscriptione
1742 2432 1845 2482 signo

455 2515 537 2539 meo
553 2501 659 2538 solito
678 2505 715 2537 et
733 2505 902 2537 consueto
920 2500 1101 2549 signatam
1113 2501 1259 2546 rogatus
1277 2496 1315 2532 in
1332 2496 1583 2544 premissorum
1599 2496 1845 2532 testimonium

456 2571 492 2603 et
508 2564 683 2602 veritatis.
