2130 2962
560 202 778 234 OHARTERS
801 204 854 234 OF
877 204 960 234 THE
983 204 1133 235 FRIARS
1155 206 1398 238 PREAOHERS
1420 208 1472 239 OF
1494 209 1589 240 AYR.
1802 211 1841 240 89

301 294 467 345 pleasing
494 302 532 332 to
561 297 643 334 Grod
670 298 709 334 in
736 298 831 334 their
856 299 1115 347 praiseworthy
1131 300 1282 341 labours‚
1300 302 1372 337 and
1389 302 1480 339 have
1497 308 1635 352 greater
1661 304 1841 353 quietness

301 363 341 393 to
358 358 468 407 plead
485 359 576 395 with
594 360 676 397 God
693 361 748 397 for
765 361 828 397 the
845 374 1016 409 recovery
1034 362 1105 398 and
1123 362 1301 399 salvation
1319 363 1358 399 of
1380 365 1442 401 the
1468 366 1596 415 erring,
1616 366 1689 402 and
1712 367 1842 403 moved

302 419 352 468 by
375 421 438 457 the
456 422 649 458 entreaties
668 423 708 459 of
734 423 797 459 the
825 423 903 459 said
928 428 1062 459 master
1087 424 1231 472 general
1257 425 1328 461 and
1353 427 1551 474 provincial
1578 429 1692 477 priors
1720 428 1760 464 of
1778 429 1841 464 the

302 482 333 518 F
333 483 422 518 riars
439 483 643 529 Preachers,
655 498 746 533 gave
765 485 1057 521 commandment
1075 491 1114 522 to
1132 486 1181 522 all
1206 491 1245 522 to
1263 487 1375 523 desist
1391 488 1484 525 from
1501 489 1562 525 the
1580 490 1754 527 aforesaid
1771 490 1841 526 dis-

303 545 435 590 orders,
455 546 528 582 and
555 551 595 582 to
623 547 772 583 observe
798 547 998 595 inviolably
1015 548 1078 584 the
1095 548 1285 597 privileges
1309 549 1349 585 of
1370 550 1433 586 the
1459 551 1536 587 said
1553 552 1665 597 friars,
1685 565 1723 588 as
1741 552 1841 588 often

303 620 342 643 as
369 608 459 656 they
477 608 608 645 should
625 609 670 645 be
687 609 854 657 required
870 609 1019 654 theret0‚
1036 610 1074 646 in
1101 610 1163 646 the
1188 624 1293 647 name
1319 611 1359 647 of
1378 612 1439 648 the
1459 612 1571 656 friars,
1589 626 1629 650 or
1654 614 1694 650 of
1716 627 1788 662 any
1805 614 1845 650 of

302 670 397 706 their
413 671 613 719 provincial
632 684 671 707 or
688 672 905 707 conventual
922 672 1047 720 priors,
1066 673 1181 709 under
1197 674 1282 721 pain
1300 674 1340 709 of
1353 673 1496 723 highest
1514 687 1669 712 censure.
1723 676 1840 712 Griven

303 739 342 768 at
360 733 483 777 Rome,
503 733 619 769 under
636 733 697 770 the
715 733 953 770 Fisherman's
971 734 1076 783 Ring,
1100 735 1191 771 26th
1208 735 1303 772 June
1324 739 1430 773 1518.

305 896 361 933 57.
390 894 570 931 Νοτανίαῖ
591 894 692 943 Oopy
710 895 753 944 qf
761 895 879 944 Brief
895 897 939 945 by
955 897 1058 945 Pope
1077 897 1148 933 Leo
1175 897 1232 934 the
1260 897 1378 941 Teum,
1398 897 1596 934 addressed
1612 904 1645 934 to
1672 898 1726 934 the
1745 899 1840 935 Gen-

453 957 533 993 eral
545 957 624 993 and
641 957 776 994 Friars
789 959 835 1007 of
850 959 907 995 the
922 959 1043 996 Order
1060 960 1103 1008 (ff
1112 960 1324 1004 Preachem,
1338 960 1539 1008 reyardinq
1557 960 1612 996 the
1630 961 1839 998 observance

452 1020 498 1069 of
506 1020 647 1057 certain
664 1021 776 1057 Feast
793 1021 900 1069 Days
918 1021 958 1057 in
974 1021 1096 1070 places
1112 1021 1231 1058 under
1248 1021 1577 1071 intermista—[md
1593 1022 1686 1070 July
1707 1022 1831 1072 1518.]

930 1121 1008 1157 LEO
1033 1121 1139 1158 PAPA
1164 1121 1221 1159 X⁸.

376 1196 531 1232 Dilectis
574 1196 658 1232 filiis
696 1196 868 1244 magistro
912 1196 1070 1245 generali
1112 1201 1149 1232 et
1186 1196 1356 1233 fratribus
1391 1197 1527 1233 ordinis
1569 1197 1838 1234 Predicatorum

302 1258 455 1294 salutem
492 1263 529 1294 et
564 1258 798 1306 apostolicam
824 1258 1112 1294 benedictionem
1147 1258 1324 1306 Exposuit
1357 1259 1460 1295 nobis
1493 1259 1704 1295 venerabilis
1730 1260 1839 1296 frater

300 1326 424 1357 noster
450 1320 623 1356 Nicolaus
659 1321 848 1369 episcopus
882 1321 1097 1357 Albanensis
1132 1321 1261 1357 Sancte
1288 1321 1448 1357 Romane
1478 1321 1621 1357 ecclesie
1648 1322 1837 1358 cardinalis

301 1384 414 1420 vestri
457 1383 593 1419 ordinis
635 1388 819 1431 protector
857 1383 954 1431 quod
990 1383 1075 1419 licet
1112 1383 1208 1418 inter
1245 1382 1433 1431 privilegia
1474 1382 1660 1420 Fratribus
1703 1384 1837 1420 ordinis

302 1445 486 1481 Minorum
513 1445 558 1481 ab
587 1445 785 1493 apostolica
813 1445 895 1481 sede
925 1458 1089 1481 concessa
1113 1445 1180 1480 hoc
1207 1458 1321 1480 unum
1348 1457 1423 1480 esse
1443 1444 1585 1481 dicatur
1607 1450 1649 1481 ut
1671 1447 1837 1494 quociens

303 1508 425 1544 Sancti
456 1507 637 1543 Francisci
666 1513 702 1543 et
728 1508 852 1544 Sancti
881 1508 1031 1556 Antonij
1063 1507 1107 1543 de
1133 1507 1258 1543 Padua
1284 1519 1422 1542 necnon
1453 1506 1575 1543 Sancti
1600 1508 1775 1544 Ludovici
1802 1514 1838 1545 et

302 1570 426 1606 Sancti
450 1570 706 1606 Bonaventure
730 1583 770 1606 ac
794 1570 925 1606 Sancte
949 1570 1051 1606 Clare
1069 1570 1285 1605 festivitates
1309 1574 1345 1604 et
1362 1582 1483 1605 earum
1507 1574 1630 1606 octave
1647 1576 1838 1607 occurrunt

300 1637 461 1681 tempore
479 1646 551 1681 quo
569 1633 735 1669 civitates
757 1633 891 1681 oppida
909 1637 946 1668 et
963 1632 1042 1668 loca
1064 1632 1103 1667 in
1120 1631 1251 1680 quibus
1276 1631 1481 1667 huiusmodi
1506 1631 1598 1667 festa
1615 1632 1838 1668 celebrantur

300 1696 540 1732 ecclesiastico
557 1695 752 1731 interdicto
771 1700 809 1731 et
826 1695 1024 1743 apostolica
1042 1694 1255 1730 auctoritate
1272 1694 1457 1741 supposita
1474 1698 1560 1729 sunt
1576 1694 1682 1730 dictis
1699 1694 1835 1731 festivi-

299 1758 437 1795 tatibus
456 1763 493 1794 et
520 1771 644 1793 earum
667 1757 803 1793 octavis
825 1757 1022 1805 respective
1041 1755 1254 1792 durantibus
1278 1755 1513 1791 interdictum
1538 1755 1744 1792 huiusmodi
1760 1770 1835 1794 sus-

299 1821 455 1869 pendere
481 1825 518 1856 et
544 1820 584 1856 in
610 1820 768 1868 ecclesijs
795 1820 982 1855 domorum
1009 1831 1154 1854 suarum
1180 1817 1331 1865 pulsatis
1358 1817 1539 1865 campanis
1562 1818 1694 1865 apertis
1715 1818 1835 1866 januis

299 1883 516 1919 nominatim
541 1882 745 1918 interdictis
778 1887 814 1918 et
849 1880 1168 1918 excommunicatis
1202 1879 1354 1915 exclusis
1387 1879 1512 1914 missas
1539 1884 1575 1915 et
1610 1880 1679 1915 alia
1712 1881 1835 1917 divina

299 1945 415 1981 officia
433 1945 509 1981 alta
526 1958 615 1981 voce
634 1945 804 1981 celebrari
830 1944 971 1992 possint
989 1948 1025 1978 et
1043 1942 1162 1978 omnia
1181 1941 1369 1989 privilegia
1386 1941 1502 1976 eidem
1519 1940 1635 1976 ordini
1652 1941 1833 1978 Minorum

299 2013 336 2044 et
353 2008 429 2044 eius
446 2007 706 2056 professoribus
728 2020 896 2043 concessa
914 2019 958 2042 ex
976 2004 1135 2041 eiusdem
1158 2003 1251 2039 sedis
1269 2002 1494 2050 benignitate
1510 2002 1583 2038 sint
1601 2003 1697 2039 dicto
1715 2009 1835 2040 vestro

298 2070 416 2107 ordini
437 2075 474 2106 et
492 2070 596 2106 vobis
614 2070 879 2106 communicata
896 2080 1031 2116 vosque
1048 2071 1124 2102 tam
1144 2065 1287 2101 illorum
1305 2077 1412 2112 quam
1432 2064 1552 2100 forsan
1568 2065 1762 2113 spiritualis
1778 2067 1833 2102 in-

298 2132 393 2169 dulti
406 2133 509 2169 vobis
523 2132 676 2180 desuper
689 2132 848 2168 concessi
861 2132 965 2180 vigor
982 2134 1045 2166 aut
1058 2129 1145 2164 alias
1158 2128 1197 2163 in
1210 2126 1387 2174 aliquibus
1400 2126 1561 2173 partibus
1574 2127 1613 2162 in
1630 2132 1833 2164 sanctorum

298 2195 482 2231 Dominici
500 2195 599 2231 Petri
617 2194 778 2230 Martiris
796 2194 932 2230 Thome
951 2193 995 2228 de
1015 2191 1161 2240 Aquino
1179 2194 1215 2225 et
1232 2188 1419 2224 Vincencii
1437 2200 1478 2223 ac
1496 2187 1626 2223 Sancte
1644 2188 1834 2226 Catherine

297 2258 342 2294 de
369 2258 473 2294 Senis
497 2257 760 2293 festivitatibus
783 2262 819 2293 et
842 2269 965 2293 earum
991 2253 1127 2291 octavis
1152 2251 1348 2299 respective
1374 2250 1587 2286 durantibus
1612 2250 1651 2285 in
1678 2251 1833 2289 ecclesiis

297 2320 487 2357 domorum
505 2324 708 2355 vestrarum
726 2319 892 2355 similiter
908 2318 1023 2354 facere
1038 2313 1271 2352 consuevistis
1288 2317 1411 2348 tamen
1424 2312 1508 2360 quia
1525 2325 1631 2360 super
1646 2312 1713 2349 hoc
1730 2314 1833 2350 vobis

296 2396 338 2420 eo
365 2383 465 2431 quod
491 2382 536 2418 de
564 2382 745 2418 dictorum
770 2381 941 2417 Fratrum
968 2380 1152 2416 Minorum
1178 2389 1219 2412 ac
1245 2374 1457 2423 specialibus
1482 2375 1611 2410 vestris
1637 2375 1834 2424 privilegiis

296 2446 460 2496 legitima
477 2445 612 2493 ubique
630 2444 741 2480 fidem
759 2444 836 2480 sine
853 2456 986 2492 magna
1011 2442 1173 2489 impensa
1190 2438 1304 2474 facere
1322 2449 1395 2472 non
1419 2436 1570 2484 potestis
1594 2436 1638 2472 ab
1656 2437 1835 2485 aliquibus

295 2513 418 2556 posset
444 2507 610 2544 molestia
627 2506 686 2542 vel
711 2506 1013 2554 impedimentum
1040 2502 1157 2540 afferri
1174 2501 1292 2537 dictus
1313 2499 1498 2547 episcopus
1523 2498 1626 2535 nobis
1652 2499 1836 2537 humiliter

295 2570 517 2620 supplicavit
543 2574 586 2606 ut
611 2569 715 2606 vobis
741 2582 849 2617 super
871 2568 939 2604 hoc
965 2567 1010 2604 de
1036 2569 1236 2614 opportuno
1262 2561 1419 2598 remedio
1444 2561 1629 2609 providere
1657 2574 1701 2597 ex
1725 2562 1834 2599 simili

1050 2640 1076 2666 N
