2130 2962
384 198 423 227 80
641 199 857 231 OHARTERS
880 199 931 230 OF
953 200 1037 231 THE
1058 200 1206 231 FRIARS
1228 199 1472 230 PREAOHERS
1493 199 1545 231 OF
1566 200 1659 232 AYR.

382 291 556 328 Ricardus
573 292 663 329 Reid
679 306 772 330 unus
789 293 1001 331 ballivorum
1017 295 1122 344 burgi
1139 294 1183 331 de
1196 294 1261 332 Air
1272 306 1336 343 pro
1349 299 1508 341 tempore
1521 294 1753 341 personaliter
1768 296 1917 332 accessit

383 353 429 389 ad
448 354 628 402 quoddam
655 360 900 393 tenementum
923 357 1045 406 jacens
1062 358 1100 394 in
1118 357 1215 393 dicto
1243 357 1355 405 burgo
1372 356 1411 391 in
1428 355 1475 392 lie
1502 355 1673 405 Wodgait
1698 357 1795 394 inter
1814 363 1914 395 tene-

381 421 545 453 mentum
561 417 708 454 Patricii
729 418 926 456 Thomsone
944 433 987 456 ex
1003 425 1105 468 parte
1131 419 1279 456 australi
1296 423 1332 455 et
1348 422 1596 454 tenementum
1621 418 1645 454 J
1646 419 1796 456 ohannis
1814 421 1916 470 Lang

383 491 427 515 ex
443 485 546 527 parte
562 480 688 517 boriali
705 486 741 517 et
758 481 892 518 ibidem
907 494 972 530 per
989 482 1281 518 deliberacionem
1305 480 1490 517 cuiusdam
1512 479 1645 516 famose
1670 481 1915 529 inquisicionis

383 542 681 591 conburgensium
711 544 799 580 dicti
825 544 929 593 burgi
957 544 1149 580 electorum
1179 556 1286 591 super
1315 542 1553 579 deservitione
1583 543 1769 580 cuiusdam
1796 545 1914 582 brevis

382 604 472 653 regii
498 605 737 642 mediantibus
764 619 885 642 eorum
908 606 1122 654 juramentis
1147 605 1273 641 erectis
1300 617 1364 652 per
1388 604 1595 652 religiosum
1621 605 1741 642 virum
1767 606 1914 644 fratrem

381 665 405 702 J
407 666 583 703 ohannem
594 667 728 704 Valker
739 668 1008 704 conventualem
1021 668 1089 704 loci
1103 668 1269 703 Fratrum
1281 666 1550 703 Predicatorum
1563 667 1697 704 ordinis
1710 668 1799 706 dicti
1809 670 1915 719 burgi

381 728 448 764 filii
469 734 506 764 et
523 729 661 765 heredis
688 730 867 778 quondam
893 730 917 765 J
919 730 1067 765 ohannis
1094 729 1227 765 Valker
1253 734 1391 765 statum
1419 733 1456 765 et
1482 729 1635 766 sasinam
1662 731 1914 768 hereditariam

381 803 520 827 necnon
558 792 732 827 actualem
766 792 1022 839 possessionem
1056 796 1093 827 et
1127 791 1344 839 corporalem
1378 790 1476 827 dicto
1513 791 1615 828 fratri
1647 792 1672 828 J
1673 794 1806 830 ohanni
1831 795 1912 843 jure

381 851 593 888 hereditario
621 853 733 900 patris
751 854 805 888 sui
823 853 911 889 dicti
938 853 1118 901 quondam
1144 853 1168 888 J
1170 852 1318 888 ohannis
1346 852 1391 888 de
1418 857 1496 888 toto
1524 858 1560 889 et
1586 854 1726 903 integro
1752 857 1912 904 predicto

381 918 586 950 tenemento
607 919 683 950 tam
700 915 738 950 in
755 914 871 951 fronte
889 927 995 963 quam
1013 915 1052 951 in
1070 915 1182 950 cauda
1199 927 1281 950 011111
1297 914 1524 962 pertinentiis
1541 928 1604 964 per
1620 921 1711 953 terre
1730 923 1766 954 et
1782 919 1912 967 lapidis

381 975 611 1011 traditionem
628 981 670 1011 ut
686 976 793 1011 moris
820 981 875 1012 est
899 976 1049 1012 donavit
1075 977 1340 1024 imperpetuum
1367 976 1467 1012 saluo
1493 976 1573 1024 jure
1599 978 1789 1016 cuiuslibet
1840 981 1911 1024 Qui

381 1050 466 1073 vero
495 1037 606 1073 frater
631 1037 655 1073 J
656 1037 811 1073 ohannes
838 1051 910 1073 non
939 1038 976 1073 vi
1006 1043 1069 1075 aut
1093 1043 1194 1076 metu
1220 1038 1348 1073 ductus
1374 1051 1440 1074 nec
1466 1051 1580 1075 errore
1604 1040 1725 1088 lapsus
1748 1055 1810 1078 seu
1828 1043 1911 1079 dolo

382 1099 645 1135 circumventus
670 1099 732 1135 sed
757 1112 820 1135 sua
845 1112 941 1135 mera
962 1104 997 1135 et
1014 1104 1208 1147 spontanea
1224 1100 1412 1136 voluntate
1437 1113 1500 1148 per
1524 1101 1657 1138 fustem
1683 1108 1719 1139 et
1744 1103 1911 1142 baculum

383 1173 522 1196 sursum
542 1161 700 1196 reddidit
722 1174 880 1209 pureque
897 1174 937 1197 ac
954 1162 1161 1209 simpliciter
1182 1161 1377 1210 resignavit
1394 1162 1433 1197 in
1449 1163 1614 1199 manibus
1638 1165 1768 1212 prefati
1788 1166 1912 1204 ballivi

383 1227 501 1258 totum
526 1222 726 1270 predictum
747 1228 993 1259 tenementum
1010 1228 1086 1258 tam
1103 1224 1141 1259 in
1158 1224 1275 1259 fronte
1291 1236 1398 1271 quam
1411 1224 1450 1260 in
1463 1225 1576 1261 cauda
1593 1239 1674 1262 cum
1686 1228 1912 1276 pertinentiis

383 1285 606 1333 Quaquidem
623 1285 862 1333 resignatione
880 1285 930 1320 sic
947 1284 1043 1320 facta
1061 1289 1097 1320 et
1113 1297 1176 1332 per
1198 1285 1337 1320 dictum
1353 1284 1528 1322 ballivum
1551 1294 1693 1337 recepta
1711 1291 1911 1327 antedictus

381 1346 534 1382 ballivus
560 1351 695 1382 statum
713 1351 749 1382 et
774 1347 928 1382 sasinam
953 1346 1204 1382 hereditariam
1231 1359 1370 1382 necnon
1397 1349 1573 1386 actualem
1599 1352 1857 1399 possessionem
1875 1359 1911 1390 et

381 1409 596 1456 corporalem
613 1408 807 1444 venerabili
833 1409 928 1456 patri
954 1408 1057 1444 fratri
1083 1408 1108 1444 J
1109 1408 1216 1444 acobo
1241 1409 1347 1457 Yong
1375 1410 1485 1457 priori
1512 1411 1602 1447 dicti
1627 1413 1697 1449 loci
1713 1415 1857 1451 nomine
1875 1421 1912 1452 et

382 1470 573 1506 autoritate
591 1470 659 1506 Dei
676 1470 930 1520 omnipotentis
958 1475 994 1506 et
1011 1470 1163 1519 gloriose
1190 1470 1340 1519 virginis
1367 1471 1540 1508 Katerine
1567 1479 1717 1521 patrone
1737 1476 1824 1512 dicti
1841 1477 1911 1513 loci

383 1538 419 1568 et
437 1538 632 1568 conventus
650 1545 690 1568 ac
708 1545 948 1568 successorum
966 1532 1158 1568 eorundem
1171 1532 1215 1568 de
1228 1537 1304 1568 toto
1323 1537 1359 1568 et
1375 1533 1513 1582 integro
1526 1536 1686 1582 predicto
1704 1542 1909 1575 tenemento

381 1599 458 1630 tam
468 1595 506 1629 in
516 1594 633 1630 fronte
647 1607 753 1642 quam
769 1594 808 1629 in
826 1594 938 1629 cauda
955 1607 1036 1629 cum
1053 1594 1277 1641 pertinentiis
1294 1606 1358 1641 per
1374 1599 1466 1631 terre
1484 1601 1521 1631 et
1534 1597 1663 1645 lapidis
1676 1600 1909 1637 tradicionem

382 1660 425 1691 ut
442 1656 550 1691 moris
573 1660 627 1691 est
644 1655 793 1691 donavit
808 1655 1071 1702 imperpetuum
1088 1655 1314 1691 Reservando
1339 1660 1460 1692 tamen
1485 1657 1637 1694 liberum
1661 1665 1909 1699 tenementum

223 1723 362 1758 (Illeyible.)
531 1717 705 1764 Rankyne
732 1716 810 1752 avie
836 1717 948 1764 ipsius
974 1716 1094 1752 fratris
1121 1716 1145 1752 J
1146 1716 1294 1752 ohannis
1320 1729 1384 1765 pro
1411 1723 1488 1754 toto
1515 1724 1674 1768 tempore
1691 1722 1766 1758 vite
1784 1736 1846 1760 sue
1864 1725 1909 1761 de

382 1783 460 1815 toto
477 1778 614 1826 prefato
639 1783 841 1814 tenemento
860 1778 972 1825 Super
996 1778 1125 1828 quibus
1150 1791 1233 1814 vero
1259 1779 1422 1815 omnibus
1440 1785 1476 1815 et
1493 1781 1642 1830 singulis
1660 1783 1710 1819 sic
1727 1786 1908 1832 premissis

380 1841 489 1889 peciit
505 1840 662 1889 prefatus
679 1840 890 1876 venerabilis
908 1845 1009 1888 pater
1026 1839 1121 1887 prior
1139 1852 1159 1875 a
1175 1852 1232 1875 me
1248 1841 1387 1876 notario
1410 1841 1552 1889 publico
1578 1844 1776 1893 subscripto
1793 1860 1908 1884 unum

381 1908 445 1939 aut
461 1903 564 1951 plura
581 1902 763 1950 publicum
780 1914 841 1937 seu
857 1902 1000 1949 publica
1017 1902 1295 1937 instrumentum
1311 1903 1369 1938 vel
1385 1903 1623 1941 instrumenta
1636 1907 1704 1943 sibi
1720 1907 1798 1945 fieri
1814 1909 1909 1947 Acta

380 1970 481 2001 erant
497 1965 561 2000 hec
578 1977 683 2012 super
699 1964 815 1999 solum
832 1964 920 1999 dicti
936 1964 1135 1999 tenementi
1152 1964 1237 2000 hora
1254 1964 1355 2012 quasi
1372 1970 1499 2012 quarta
1515 1972 1597 2014 post
1614 1969 1799 2007 meridiem
1814 1984 1909 2009 anno

380 2039 501 2063 mense
519 2027 576 2062 die
592 2026 787 2062 indictione
804 2030 839 2062 et
856 2025 1068 2073 pontificatu
1086 2026 1214 2074 quibus
1232 2038 1338 2074 supra
1354 2028 1578 2074 presentibus
1595 2030 1730 2067 ibidem
1743 2033 1768 2068 J
1769 2031 1909 2072 ohanne

379 2089 409 2125 F
411 2102 496 2125 eane
515 2088 688 2131 Quintino
702 2087 958 2136 Ounynghame
976 2087 1130 2123 Patricio
1149 2087 1317 2135 Grybsone
1335 2088 1471 2125 Thoma
1484 2090 1588 2139 Lang
1605 2093 1909 2143 conburgensibus

380 2150 468 2187 dicti
493 2150 597 2199 burgi
624 2155 660 2186 et
685 2149 831 2185 Andrea
856 2148 1063 2186 M‘Owbene
1096 2149 1250 2186 testibus
1277 2149 1322 2185 ad
1349 2151 1521 2198 premissa
1548 2153 1686 2190 vocatis
1712 2156 1846 2203 pariter
1873 2163 1910 2195 et

379 2213 520 2262 rogatis.

455 2275 532 2311 Hec
549 2280 603 2311 est
618 2287 702 2311 vera
719 2274 820 2322 copia
842 2287 928 2310 sana
954 2279 990 2310 et
1014 2274 1154 2323 integra
1179 2274 1359 2323 originalis
1386 2280 1422 2311 et
1447 2275 1653 2325 principalis
1679 2278 1911 2319 instrumenti

530 2338 632 2386 signo
650 2342 686 2373 et
703 2336 961 2385 subscriptione
985 2336 1009 2373 J
1011 2336 1158 2373 ohannis
1185 2336 1273 2373 Fare
1299 2337 1431 2374 notarii
1457 2338 1593 2386 publici
1609 2340 1649 2377 in
1665 2341 1737 2378 fine
1754 2344 1910 2382 roborati

532 2399 677 2435 alterius
704 2404 826 2434 tamen
855 2411 964 2435 manu
990 2398 1149 2447 legitime
1176 2399 1308 2446 scripta
1338 2404 1375 2436 et
1402 2401 1542 2449 copiata
1569 2402 1622 2439 nil
1650 2403 1814 2442 addendo
1845 2420 1910 2444 nec

530 2461 744 2498 removendo
760 2473 823 2510 per
846 2473 904 2497 me
929 2461 1107 2497 notarium
1131 2460 1314 2510 publicum
1340 2462 1579 2512 subscriptum
1604 2472 1770 2515 requesta
1792 2468 1912 2507 fratris
