2130 2962
550 197 769 229 CHARTERS
792 198 844 229 OF
866 198 950 228 THE
972 198 1121 229 FRIARS
1143 199 1387 231 PREACHERS
1411 201 1462 232 OF
1483 201 1576 232 AYR.
1794 203 1833 234 97

290 289 502 327 confirmare
521 290 664 328 dilectis
680 291 813 327 nostris
830 290 854 327 J
855 290 989 327 ohanni
1006 290 1106 326 Blair
1123 291 1167 327 de
1190 291 1331 328 Middel
1349 293 1603 331 Auchindrane
1614 294 1625 313 ¹
1643 300 1679 332 et
1696 296 1833 333 Helene

291 350 468 390 Cathcart
503 354 580 390 eius
616 367 745 402 sponse
774 354 814 389 in
849 354 1043 390 coniuncta
1072 353 1316 390 infeodatione
1346 360 1383 391 et
1413 369 1536 392 eorum
1566 357 1669 394 alteri
1699 359 1834 394 diutius

291 415 434 451 viventi
468 415 732 464 heredibusque
766 415 935 452 masculis
966 415 1061 451 inter
1094 415 1192 464 ipsos
1225 416 1405 465 legittime
1434 420 1627 466 procreatis
1658 433 1721 456 seu
1754 433 1835 469 pro-

294 478 458 515 creandis
476 479 616 522 Quibus
642 479 735 515 forte
764 478 1016 515 deficientibus
1045 479 1110 514 uni
1135 479 1259 515 heredi
1285 479 1427 515 femelle
1455 485 1492 516 613
1518 481 1589 517 illis
1617 482 1714 529 quod
1741 482 1835 518 absit

294 540 545 577 deficientibus
564 541 756 578 heredibus
774 541 942 577 masculis
961 540 1020 576 vel
1033 541 1099 576 uni
1112 541 1253 577 femelle
1272 541 1360 577 dicti
1377 542 1401 577 J
1402 542 1552 578 ohannis
1566 544 1836 593 quibuscunque

295 603 429 640 Totum
448 609 485 640 et
501 604 684 652 integrum
701 608 952 640 tenementum
969 607 1131 639 nostrum
1152 609 1235 639 ante
1259 608 1296 639 et
1321 609 1415 639 retro
1442 616 1523 639 cum
1547 604 1650 641 horto
1678 606 1836 642 eiusdem

291 666 416 714 jacens
434 667 528 703 infra
545 667 702 715 burgum
720 666 765 702 de
781 665 848 701 Air
865 666 904 701 in
922 666 1001 701 vico
1019 666 1209 714 principali
1227 666 1316 702 dicti
1341 666 1447 714 burgi
1473 679 1516 702 ex
1542 672 1645 714 parte
1673 668 1837 704 orientali

297 729 387 765 dicti
420 729 493 765 vici
536 729 631 765 inter
664 732 913 764 tenementum
947 727 1122 764 Willelmi
1156 728 1370 776 Bannatyne
1405 741 1449 764 ex
1482 733 1585 776 parte
1627 729 1760 765 boreali
1802 735 1838 766 et

297 804 527 828 communem
560 796 704 839 portam
739 791 954 826 anteriorem
981 790 1070 826 dicti
1095 790 1209 826 nostri
1246 790 1314 826 loci
1341 795 1377 826 et
1402 791 1596 827 transitum
1622 804 1692 839 quo
1718 792 1791 827 itur
1818 805 1838 828 a

297 854 397 890 dicta
413 859 519 902 porta
543 853 589 889 ad
616 853 802 889 ecclesiam
828 858 865 889 et
890 853 1010 889 locum
1035 857 1199 888 nostrum
1226 865 1270 888 ex
1295 858 1398 901 parte
1425 854 1572 890 australi
1599 859 1636 890 et
1659 854 1838 902 prefatum

298 917 422 952 vicum
441 929 486 952 ex
503 920 607 964 parte
625 915 839 951 occidentali
857 922 893 951 et
912 915 1127 951 cimiterium
1146 920 1310 951 nostrum
1328 929 1371 951 ex
1396 921 1498 964 parte
1525 916 1689 952 orientali
1718 917 1837 960 Quod-

300 979 448 1028 quidem
465 982 717 1014 tenementum
736 977 898 1013 continet
914 978 953 1012 in
970 977 1164 1013 latitudine
1182 977 1311 1013 frontis
1329 978 1514 1013 anterioris
1531 978 1721 1014 tresdecim
1737 979 1839 1015 ulnas

301 1054 341 1077 ac
360 1041 558 1077 dimediam
575 1040 700 1076 ulnam
718 1044 755 1075 et
772 1040 811 1075 in
828 1039 1022 1075 latitudine
1041 1039 1153 1075 caude
1170 1052 1233 1075 seu
1249 1039 1347 1075 horti
1364 1039 1523 1075 eiusdem
1544 1040 1712 1075 undecim
1736 1041 1839 1077 ulnas

301 1109 337 1140 et
355 1109 475 1140 totum
501 1107 752 1139 tenementum
779 1115 861 1138 cum
886 1102 990 1137 horto
1017 1102 1177 1137 continet
1194 1102 1233 1137 in
1249 1101 1475 1150 longitudine
1502 1102 1739 1150 quadraginta
1768 1108 1841 1139 tres

300 1167 407 1203 ulnas
450 1166 663 1202 Tenendum
691 1170 728 1201 et
745 1164 951 1201 habendum
977 1168 1098 1199 totum
1124 1168 1161 1199 et
1184 1163 1366 1212 integrum
1388 1163 1569 1211 prefatum
1594 1168 1840 1201 tenementum

300 1234 412 1278 prout
426 1229 525 1277 jacet
542 1228 582 1263 in
598 1227 827 1276 longitudine
846 1232 882 1262 et
900 1226 1094 1261 latitudine
1118 1230 1161 1261 ut
1185 1226 1399 1273 premissum
1425 1231 1478 1261 est
1506 1230 1590 1261 ante
1619 1230 1655 1261 et
1681 1231 1774 1262 retro
1803 1227 1841 1262 in

301 1292 422 1328 fronte
441 1295 478 1326 et
497 1290 612 1326 cauda
630 1302 712 1325 cum
731 1288 897 1324 omnibus
917 1293 953 1324 et
978 1288 1130 1336 singulis
1157 1288 1230 1323 suis
1255 1287 1484 1336 pertinenciis
1509 1287 1657 1335 prefatis
1683 1288 1843 1325 Johanni

303 1354 403 1390 Blair
420 1358 458 1388 et
476 1352 616 1387 Helene
635 1351 805 1387 Cathcart
823 1351 898 1386 eius
916 1362 1044 1397 sponse
1061 1350 1100 1384 in
1122 1350 1311 1385 coniuncta
1327 1349 1567 1385 infeodatione
1584 1350 1843 1399 heredibusque

302 1415 512 1465 prescriptis
543 1414 599 1450 De
625 1413 729 1449 nobis
757 1417 794 1448 et
820 1411 1081 1448 successoribus
1112 1411 1247 1447 nostris
1273 1411 1311 1446 in
1338 1411 1540 1447 feudifirma
1566 1416 1602 1447 et
1631 1413 1844 1460 emphiteosi

302 1478 518 1515 hereditarie
548 1477 816 1524 imperpetuum
851 1487 934 1510 cum
969 1473 1136 1509 omnibus
1163 1478 1200 1508 et
1225 1473 1375 1521 singulis
1400 1473 1627 1509 libertatibus
1652 1475 1844 1511 commodi-

302 1541 443 1578 tatibus
461 1539 631 1588 proficuis
650 1543 686 1574 et
704 1538 911 1573 asiamentis
929 1550 970 1572 ac
988 1536 1093 1571 iustis
1112 1536 1185 1571 suis
1202 1535 1433 1583 pertinenciis
1460 1535 1743 1584 quibuscumque
1768 1542 1844 1573 tam

303 1617 378 1640 non
411 1602 610 1639 nominatis
645 1613 754 1649 quam
788 1599 983 1635 nominatis
1013 1603 1090 1634 tam
1121 1597 1248 1633 subtus
1276 1602 1408 1633 terram
1438 1609 1547 1644 quam
1577 1610 1684 1645 supra
1712 1603 1845 1635 terram

303 1666 429 1716 procul
453 1670 490 1701 et
516 1676 628 1713 prope
656 1663 704 1699 ad
730 1662 933 1710 predictum
961 1665 1210 1696 tenementum
1238 1672 1319 1695 cum
1347 1659 1576 1707 pertinenciis
1603 1661 1846 1707 spectantibus

305 1743 369 1767 seu
385 1730 480 1765 iuste
498 1731 660 1775 spectare
678 1724 883 1761 valentibus
902 1722 1171 1772 quomodolibet
1188 1722 1227 1757 in
1243 1722 1409 1757 futurum
1427 1721 1536 1757 libere
1554 1722 1673 1769 quiete
1690 1723 1846 1770 plenarie

305 1793 445 1841 integre
463 1789 657 1826 honorifice
674 1787 765 1824 bene
784 1791 820 1822 et
838 1787 877 1821 in
894 1798 981 1833 pace
1005 1785 1081 1820 sine
1107 1784 1343 1820 retinemento
1369 1784 1593 1819 revocatione
1619 1789 1683 1819 aut
1709 1790 1847 1821 contra-

304 1856 465 1892 dictione
488 1863 714 1901 quacumque
741 1854 778 1885 et
795 1849 884 1885 adeo
908 1848 1018 1884 libere
1040 1847 1134 1883 sicut
1151 1846 1296 1894 aliquod
1318 1850 1567 1881 tenementum
1584 1846 1680 1881 intra
1696 1859 1847 1894 regnum

307 1917 427 1955 Scotie
445 1915 554 1952 alicui
571 1926 635 1962 per
660 1913 817 1960 aliquem
840 1910 989 1946 liberius
1016 1909 1124 1944 datur
1150 1907 1359 1944 conceditur
1386 1920 1448 1943 seu
1474 1907 1520 1943 ad
1545 1907 1784 1944 feudifirmam
1810 1914 1847 1946 et

306 1978 563 2028 emphiteosim
580 1975 781 2012 dimittitur
807 1978 871 2009 aut
897 1972 974 2008 dari
1001 1970 1147 2007 concedi
1177 1974 1240 2005 aut
1267 1969 1506 2005 feudifirmam
1534 1974 1570 2004 et
1598 1970 1847 2017 emphiteosim

307 2041 446 2079 dimitti
463 2039 600 2088 poterit
624 2037 934 2086 qualitercumque
959 2034 998 2069 in
1023 2033 1188 2068 futurum
1214 2030 1411 2067 Reddendo
1438 2031 1522 2066 inde
1547 2032 1734 2067 annuatim
1760 2032 1848 2069 dicti

305 2105 330 2142 J
332 2105 492 2141 ohannes
527 2106 564 2137 et
606 2100 747 2135 Helena
782 2108 976 2144 eorumque
1011 2095 1101 2130 alter
1144 2093 1280 2129 diutius
1314 2093 1440 2128 vivens
1475 2092 1690 2141 heredesque
1725 2107 1847 2131 eorum

306 2165 500 2217 prescripti
517 2163 706 2200 servitium
723 2160 829 2209 burgi
847 2159 1010 2195 debitum
1036 2161 1073 2193 et
1099 2160 1310 2192 consuetum
1336 2159 1373 2191 et
1398 2155 1501 2191 nobis
1527 2160 1564 2190 et
1589 2157 1848 2193 successoribus

306 2229 439 2267 nostris
473 2226 586 2276 priori
616 2230 653 2261 et
683 2223 877 2259 conventui
911 2221 1080 2257 Fratrum
1115 2217 1383 2254 Predicatorum
1417 2217 1462 2253 de
1490 2216 1558 2252 Air
1589 2230 1654 2265 pro
1688 2223 1848 2266 tempore

307 2290 550 2330 existentibus
569 2300 633 2324 sex
649 2298 786 2323 mercas
802 2284 939 2321 usualis
955 2287 1098 2319 monete
1114 2280 1217 2328 regni
1236 2280 1354 2316 Seotie
1380 2279 1426 2315 ad
1452 2279 1542 2315 duos
1568 2280 1653 2315 anni
1678 2281 1848 2318 terminos

308 2359 497 2393 consuetos
514 2352 609 2388 festa
625 2349 796 2385 videlicet
813 2347 1067 2384 Penthecostes
1086 2348 1123 2380 et
1139 2342 1254 2379 sancti
1271 2342 1424 2378 Martini
1436 2342 1474 2377 in
1489 2342 1618 2390 hyeme
1632 2355 1695 2390 per
1708 2344 1849 2392 equales

307 2419 447 2456 medias
473 2414 657 2465 portiones
675 2411 821 2448 nomine
837 2408 1041 2446 feudifirme
1058 2411 1204 2442 tantum
1221 2417 1287 2453 pro
1313 2405 1412 2440 omni
1437 2405 1506 2440 alio
1534 2418 1639 2441 onere
1665 2407 1850 2444 exactione

653 2485 663 2502 ¹
678 2486 828 2515 Paterson’s
842 2486 954 2522 History
967 2485 998 2519 of
1007 2484 1048 2511 tlte
1064 2482 1166 2517 Oounty
1179 2481 1210 2517 of
1219 2481 1285 2517 ΑΨ,
1299 2481 1351 2508 vol.
1365 2481 1393 2508 ii.
1407 2490 1433 2517 p.
1448 2483 1513 2509 358.

1073 2546 1094 2571 ο
