2130 2962
306 221 345 250 50
559 221 773 253 CHARTERS
797 222 848 253 OF
872 223 955 253 THE
977 222 1127 253 FRIARS
1151 218 1396 251 PREACHERS
1420 218 1471 248 OF
1493 218 1588 250 AYR.

302 315 453 351 facimus
470 328 534 364 per
549 321 731 365 presentes
748 317 793 353 In
811 317 910 353 cuius
927 317 979 353 rei
995 315 1243 352 testimonium
1261 313 1421 363 sigillum
1438 318 1603 349 nostrum
1620 313 1846 361 presentibus

304 383 358 414 est
375 391 572 426 appensum
590 379 687 427 apud
703 379 775 415 Are
800 379 989 416 undecimo
1012 379 1070 415 die
1094 378 1226 415 mensis
1249 377 1274 414 J
1275 377 1340 413 ulii
1358 389 1452 412 anno
1479 375 1628 412 Domini
1654 375 1844 411 millesimo

303 440 655 489 quadringentesimo
672 442 941 491 quadragesimo
958 442 1079 478 tercio.

970 554 1173 591 ABSTRAOT.

379 642 527 678 Charter
544 642 594 690 by
610 642 712 678 Friar
728 642 883 678 Michael
912 642 1019 690 Gray,
1039 646 1225 690 preceptor
1252 639 1396 689 general
1414 639 1455 675 of
1479 638 1531 675 St.
1552 637 1739 686 Anthony,
1756 651 1843 675 near

302 703 418 748 Leith‚
438 705 477 740 in
493 704 619 740 favour
636 704 675 740 of
688 704 749 740 the
768 709 921 739 convent
939 704 978 740 of
1000 704 1062 739 the
1080 704 1109 739 F
1110 704 1197 739 riars
1216 703 1408 739 Preachers
1426 701 1467 737 of
1480 700 1567 748 Ayr‚
1586 700 1627 736 of
1648 714 1670 737 a
1686 701 1787 749 piece
1805 701 1845 737 of

302 766 452 814 ground,
471 772 536 802 not
560 766 654 813 fully
671 779 717 801 an
735 779 822 809 acre,
843 766 946 814 lying
971 766 1009 800 in
1027 766 1089 801 the
1113 765 1284 813 granter⁷s
1301 764 1406 800 lands
1422 764 1462 799 in
1480 763 1544 799 the
1561 763 1670 799 crofts
1688 763 1728 799 of
1748 762 1838 812 Ayr‚

302 832 340 863 t'o
366 828 410 864 be
435 828 520 864 held
544 828 583 864 in
607 840 694 875 pure
721 828 811 863 alms
836 827 891 863 for
915 827 977 863 the
1004 827 1219 863 celebration
1246 826 1297 874 by
1323 826 1385 862 the
1413 826 1516 863 friars
1547 827 1586 862 in
1613 827 1677 863 the
1705 827 1838 864 chureh

302 895 340 925 at
357 889 444 937 Ayr,
465 890 504 925 of
527 890 589 925 the
615 889 845 936 anniversary
863 889 902 924 of
925 889 987 925 the
1013 894 1167 937 granter,
1187 889 1242 924 his
1267 894 1414 936 parents
1440 889 1512 925 and
1536 889 1771 935 benefactors,
1791 903 1838 926 on

301 951 363 987 the
380 964 530 987 morrow
554 951 646 986 after
672 951 734 986 the
761 951 854 986 feast
871 951 911 986 of
935 950 985 987 St.
1006 950 1102 986 John
1130 951 1191 987 the
1218 951 1370 999 Baptist.
1426 950 1547 986 Dated
1575 956 1614 987 at
1640 951 1726 1000 Ayr,
1749 952 1837 988 llth

300 1013 389 1061 July
409 1016 513 1049 1443.

301 1164 357 1196 34.
385 1159 561 1196 Notarial
577 1160 799 1196 Instrument
817 1173 862 1196 οη
880 1161 936 1196 the
961 1161 1163 1209 attempted
1188 1161 1376 1198 Distraint
1395 1162 1438 1210 of
1460 1162 1516 1198 the
1534 1162 1642 1199 lands
1659 1163 1703 1212 of
1721 1163 1836 1201 Kerse

341 1222 385 1270 by
403 1222 460 1258 the
476 1222 592 1258 Prior
609 1223 653 1270 eff
662 1222 719 1258 the
736 1221 871 1258 Friars
887 1222 1090 1259 Preachers
1108 1223 1151 1270 qf
1160 1222 1411 1272 Atyn—[Ilm
1428 1225 1640 1274 September
1660 1226 1787 1276 1460.]

373 1324 417 1359 In
434 1323 503 1359 Dei
525 1323 669 1359 nomine
686 1335 790 1357 amen
812 1322 881 1358 Per
907 1323 974 1359 hoc
1002 1336 1146 1371 presens
1173 1325 1358 1372 publicum
1386 1326 1670 1363 instrumentum
1697 1329 1835 1365 cunctis

296 1390 420 1433 pateat
438 1385 623 1421 evidenter
640 1389 676 1420 et
695 1384 742 1419 sit
756 1389 890 1420 notum
917 1385 1013 1432 quod
1031 1399 1124 1422 anno
1143 1386 1187 1422 ab
1205 1387 1451 1424 incarnacione
1469 1389 1618 1426 Domini
1643 1391 1833 1428 millesimo

296 1447 646 1496 quadringentesimo
672 1446 889 1494 sexagesimo
908 1447 965 1482 die
992 1460 1076 1483 vero
1103 1449 1236 1484 mensis
1264 1449 1484 1496 Septembris
1512 1452 1702 1489 undecimo
1719 1454 1832 1490 indic-

297 1510 396 1545 cione
425 1514 550 1545 octava
583 1508 813 1556 pontificatus
849 1509 1063 1545 sanctissimi
1093 1510 1132 1545 in
1163 1510 1306 1547 Christo
1335 1513 1450 1559 patris
1480 1526 1521 1549 ac
1552 1514 1691 1551 domini
1720 1517 1834 1553 nostri

297 1572 433 1607 domini
450 1571 507 1607 Pii
537 1571 660 1606 divina
689 1570 918 1618 providencia
947 1583 1039 1618 pape
1073 1571 1221 1607 secundi
1254 1585 1349 1608 anno
1380 1575 1491 1611 tercio
1522 1576 1568 1611 In
1598 1578 1670 1613 mei
1700 1580 1833 1615 notarii

295 1633 430 1681 publici
448 1638 484 1668 et
501 1633 650 1668 testium
663 1632 969 1679 infrascriptorum
981 1633 1163 1679 presencia
1176 1634 1410 1680 personaliter
1423 1638 1643 1674 constitutus
1658 1639 1834 1677 discretus

295 1695 351 1731 vir
363 1695 547 1743 religiosus
560 1694 669 1729 frater
682 1694 858 1729 Patricius
871 1693 982 1741 Pulty
996 1694 1092 1741 prior
1105 1700 1305 1731 conventus
1319 1696 1487 1734 Fratrum
1503 1699 1771 1739 Predicatorum
1789 1704 1834 1740 de

296 1756 349 1792 Ar
377 1756 608 1804 personaliter
638 1755 805 1791 accedens
837 1755 883 1790 ad
913 1756 1153 1803 messuagium
1182 1756 1206 1792 J
1208 1757 1357 1794 ohannis
1387 1759 1594 1798 Orawfurde
1622 1763 1760 1801 domini
1787 1766 1833 1802 de

301 1818 409 1853 Kerse
427 1817 473 1852 ad
490 1817 708 1853 namandum
725 1830 787 1853 seu
805 1829 947 1852 namare
973 1817 1177 1852 faciendum
1203 1823 1314 1854 terras
1339 1820 1384 1856 de
1410 1821 1523 1858 Kerse
1549 1825 1750 1863 antedictas
1767 1840 1832 1875 pro

295 1892 434 1915 summa
451 1879 710 1927 quinquaginta
727 1878 921 1914 solidorum
939 1879 1050 1915 annui
1067 1879 1229 1915 redditus
1247 1881 1314 1917 sibi
1340 1882 1437 1918 dicto
1454 1885 1564 1931 priori
1582 1892 1619 1922 et
1636 1891 1833 1926 conventui

296 1942 340 1977 de
353 1941 405 1977 Ar
422 1941 602 1977 antedicto
616 1941 660 1976 de
673 1941 826 1977 termino
841 1941 1097 1976 Penthecostes
1115 1941 1245 1978 ultimo
1263 1947 1443 1981 transacto
1457 1946 1579 1983 debita
1597 1954 1634 1984 et
1651 1952 1832 1999 reperiens

296 2017 402 2052 super
419 2004 572 2039 fundum
589 2008 763 2039 terrarum
781 2003 825 2038 de
844 2002 956 2038 Kerse
982 2003 1223 2050 predictarum
1250 2005 1386 2053 aliquas
1412 2020 1539 2045 vaccas
1557 2016 1594 2046 et
1612 2011 1692 2048 illas
1710 2026 1832 2051 secum

294 2066 333 2101 in
350 2065 492 2101 defectu
509 2064 697 2100 solucionis
715 2064 809 2100 dicte
836 2078 974 2100 summe
999 2065 1134 2100 minare
1154 2078 1215 2101 seu
1233 2066 1407 2104 abducere
1434 2069 1620 2109 inchoavit
1638 2074 1683 2111 de
1700 2076 1833 2124 quibus

295 2127 440 2176 quidem
466 2127 583 2163 vaccis
609 2126 633 2162 J
635 2126 790 2162 ohannes
817 2127 945 2162 M‘Kee
972 2140 1094 2163 servus
1111 2132 1153 2163 ut
1179 2130 1329 2165 asseruit
1356 2131 1380 2166 J
1382 2131 1532 2170 ohannis
1561 2135 1606 2172 de
1634 2137 1833 2177 Oraufurde

295 2189 470 2226 antedicti
490 2188 628 2224 dictum
653 2189 806 2236 priorem
833 2189 1001 2236 spoliavit
1027 2202 1147 2225 secum
1173 2190 1373 2229 reducendo
1391 2194 1429 2230 in
1446 2199 1630 2243 presencia
1653 2200 1678 2236 J
1680 2201 1831 2239 ohannis

295 2252 339 2288 de
354 2251 549 2288 Craufurde
567 2250 739 2286 antedicti
756 2264 827 2299 quo
844 2251 939 2287 facto
957 2251 1074 2287 dictus
1091 2252 1188 2299 prior
1205 2254 1383 2292 asserebat
1399 2258 1495 2305 quod
1513 2267 1663 2309 propter
1678 2263 1831 2313 impedi-

294 2319 456 2351 mentum
474 2314 561 2349 dicti
586 2313 610 2349 J
611 2313 760 2349 ohannis
787 2312 919 2348 M‘Kee
947 2312 1014 2349 sibi
1041 2318 1127 2349 tunc
1154 2314 1297 2351 illatum
1325 2330 1430 2355 suum
1458 2333 1620 2360 annuum
1646 2325 1831 2364 redditum

294 2381 400 2425 prout
434 2380 522 2412 tunc
555 2375 684 2411 habere
718 2375 910 2424 nequiebat
944 2375 999 2411 De
1033 2381 1069 2411 et
1103 2389 1208 2424 super
1242 2379 1371 2426 quibus
1406 2384 1573 2421 omnibus
1608 2392 1645 2422 et
1678 2388 1831 2438 singulis

294 2439 473 2487 premissis
494 2442 537 2474 ut
553 2438 728 2485 prefertur
744 2437 947 2474 antedictus
970 2438 1147 2475 Patricius
1165 2452 1186 2474 a
1202 2453 1259 2476 me
1277 2443 1417 2480 notario
1442 2446 1587 2493 publico
1604 2449 1831 2500 infrascripto

293 2501 477 2549 publicum
491 2500 559 2536 sibi
575 2500 652 2536 fieri
665 2500 774 2548 peciit
791 2500 1069 2537 instrumentum
1087 2514 1148 2537 seu
1166 2503 1310 2550 publica
1323 2505 1475 2544 instrum
1481 2515 1565 2546 enta
1579 2511 1672 2548 Acta
1684 2513 1831 2552 fuerunt

293 2563 358 2599 hec
392 2574 498 2610 super
523 2561 677 2598 fundum
707 2567 882 2598 terrarum
908 2563 952 2599 de
978 2563 1090 2600 Kerse
1119 2565 1362 2613 predictarum
1392 2569 1480 2606 hora
1509 2574 1612 2621 quasi
1640 2576 1831 2614 undecima
