2130 2962
569 202 787 234 OHARTERS
811 202 862 233 ΟΕ
884 201 968 232 THE
989 200 1139 232 FRIARS
1161 202 1404 234 PREAOHERS
1427 204 1478 235 OF
1499 204 1593 236 AYR.
1805 208 1844 237 37

310 355 367 389 25.
395 349 573 389 Notarial
588 349 689 398 C'opy
702 348 746 398 qs
759 348 917 385 Charter
931 346 976 395 by
988 346 1154 383 Andr-ew
1166 347 1339 396 Wasford
1357 355 1391 385 to
1406 349 1462 386 the
1478 349 1613 387 Friars
1630 351 1841 396 Preachers,

629 411 674 460 qf
683 425 708 448 α
728 410 920 448 Tenemem
937 409 1016 446 and
1031 409 1191 447 Lands·
1174 423 1216 447 m
1232 409 1326 460 ΑΨ.
1328 410 1522 462 -[1401.]

380 516 425 553 111
436 516 505 552 Dei
515 516 661 552 nomine
672 528 776 551 amen
789 514 978 551 Universis
989 527 1133 562 presens
1143 514 1329 563 publicum
1338 515 1619 552 instrumentum
1631 517 1843 566 inspecturis

310 579 369 615 vel
396 574 726 626 audituris‘pateat
752 576 941 613 manifeste
971 576 1069 625 quod
1095 590 1190 613 anno
1217 590 1239 613 a
1265 577 1456 613 nativitate
1486 577 1634 614 Domini
1656 579 1843 616 millesimo

310 641 661 690 quadringentesimo
678 640 794 688 primo
811 638 1012 675 indiccione
1038 652 1133 675 nona
1159 639 1391 688 pontificatus
1416 640 1631 676 sanctissimi
1648 641 1687 676 in
1704 641 1843 678 Christo

308 704 421 753 patris
435 709 471 740 et
484 704 622 740 domini
635 702 751 739 nostri
764 701 901 738 domini
913 701 1100 737 Benedicti
1118 701 1243 738 divina
1253 701 1483 750 providencia
1495 715 1586 751 pape
1599 703 1702 739 tercii
1715 704 1844 740 decimi

310 780 404 804 anno
417 780 511 803 nono
531 767 575 802 In
588 766 660 802 mei
672 764 805 801 notarii
817 764 953 813 publici
966 769 1003 801 et
1018 764 1167 800 testium
1185 764 1466 813 subscriptorum
1482 765 1663 812 presencia
1679 778 1841 814 persona-

309 830 393 866 liter
406 829 625 866 constitutus
637 828 822 877 religiosus
836 831 873 863 et
885 826 1061 862 discretus
1073 826 1183 863 frater
1195 827 1372 863 Patricius
1390 826 1434 863 de
1452 826 1569 863 Carric
1582 828 1679 875 prior
1690 841 1841 865 conven-

309 897 367 929 tus
376 892 545 928 Fratrum
555 891 825 927 Predicatorum
837 890 881 927 de
892 890 964 927 Are
975 890 1157 939 quandam
1168 895 1303 927 cartam
1314 890 1495 938 quondam
1505 890 1649 927 Andree
1657 890 1842 928 Wasforde

308 954 496 1003 burgensis
514 954 559 990 de
575 953 648 989 Are
668 952 735 989 sub
760 953 879 1001 sigillo
905 965 969 988 suo
996 957 1033 988 et
1058 953 1240 988 communi
1265 952 1381 1001 sigillo
1406 952 1512 1001 burgi
1529 952 1572 989 de
1589 952 1661 989 Are
1678 954 1843 1003 sigillatis

308 1030 382 1053 non
398 1030 515 1053 rasam
540 1029 614 1052 non
639 1016 814 1052 abolitam
839 1029 905 1052 nec
932 1015 1134 1064 aliqualiter
1159 1016 1328 1051 viciatam
1353 1028 1487 1063 necque
1513 1020 1713 1063 suspectam
1733 1017 1842 1052 michi

309 1080 526 1116 monstravit
551 1092 592 1115 ac
616 1078 752 1127 perlegi
781 1078 867 1114 fecit
898 1077 1146 1125 cuiusquidem
1177 1082 1271 1112 carte
1300 1081 1403 1113 tenor
1432 1078 1593 1126 sequitur
1618 1083 1654 1114 et
1680 1083 1734 1115 est
1757 1079 1841 1115 talis

309 1142 484 1179 Omnibus
508 1142 577 1177 1100
603 1141 778 1189 scriptum
808 1139 900 1188 (etc,
917 1139 1001 1176 vide
1026 1139 1092 1175 No.
1125 1142 1166 1174 11
1195 1137 1315 1186 supra)
1345 1139 1606 1187 Quamquidem
1631 1146 1766 1176 cartam
1791 1142 1842 1177 sic

308 1209 543 1240 monstratam
570 1208 607 1239 et
631 1202 828 1251 perlectam
853 1201 1059 1238 antedictus
1083 1201 1179 1249 prior
1195 1213 1217 1236 a
1233 1213 1291 1236 me
1315 1202 1455 1237 notario
1481 1201 1547 1237 sub
1572 1202 1674 1250 signo
1699 1202 1842 1250 publico

307 1266 416 1315 peciit
442 1266 574 1315 copiari
600 1271 637 1302 et
662 1265 747 1301 inde
772 1264 958 1313 publicum
984 1263 1052 1299 sibi
1076 1262 1154 1299 fieri
1180 1263 1460 1298 instrumentum
1488 1263 1690 1311 sumptibus
1715 1265 1787 1300 suis
1806 1270 1842 1300 et

309 1329 473 1377 expensis
489 1328 583 1365 Acta
600 1332 686 1364 sunt
703 1327 769 1363 hec
786 1326 884 1374 apud
900 1325 971 1361 Are
996 1325 1036 1360 in
1061 1324 1208 1361 ecclesia
1229 1324 1334 1360 beate
1359 1324 1531 1360 Katerine
1555 1325 1705 1373 virginis
1722 1338 1840 1362 coram

308 1405 438 1441 magno
465 1391 570 1427 altari
587 1403 681 1426 anno
705 1389 905 1425 indiccione
921 1400 1043 1423 mense
1061 1386 1119 1422 die
1137 1391 1174 1422 et
1190 1386 1405 1434 pontificatu
1421 1387 1601 1434 premissis
1617 1388 1840 1435 presentibus

307 1454 441 1491 ibidem
475 1453 639 1489 discretis
676 1451 764 1488 viris
804 1449 1003 1498 Reginaldo
1037 1449 1082 1484 de
1114 1448 1144 1484 F
1145 1448 1273 1496 ynvyk
1314 1453 1402 1484 tunc
1436 1448 1657 1484 aldirmanno
1690 1449 1735 1485 de
1768 1449 1839 1485 Are

308 1516 468 1553 Grilberto
498 1514 649 1551 Hem-ici
678 1513 798 1550 Adam
826 1512 871 1548 de
901 1512 985 1547 Bwr
1013 1515 1102 1547 tunc
1130 1510 1274 1546 ballivis
1304 1509 1463 1546 eiusdem
1490 1510 1514 1545 J
1516 1510 1653 1546 ohanne
1683 1510 1727 1546 de
1757 1511 1840 1547 Blar

307 1578 461 1628 Hugone
487 1578 532 1614 de
557 1577 643 1613 Blar
668 1574 846 1612 scutiferis
880 1573 1017 1609 Thoma
1051 1571 1260 1620 Souirlyson
1292 1571 1317 1607 J
1318 1571 1457 1607 ohanne
1490 1572 1644 1607 Tomson
1676 1572 1700 1608 J
1702 1572 1839 1609 ohanne

305 1640 432 1677 Vilson
448 1639 687 1689 burgensibus
704 1637 792 1674 dicti
816 1636 922 1684 burgi
947 1640 985 1671 et
1009 1635 1135 1671 multis
1160 1634 1237 1669 aliis
1262 1633 1414 1670 testibus
1440 1633 1486 1669 ad
1510 1634 1679 1681 premissa
1704 1635 1839 1671 vocatis

305 1703 504 1752 specialiter
521 1707 558 1738 et
573 1701 717 1750 rogatis.

379 1766 428 1802 Et
446 1778 511 1814 ego
528 1764 711 1801 Walterus
729 1762 774 1798 de
791 1761 864 1797 Are
890 1760 1036 1796 clericus
1054 1757 1283 1807 Glasguensis
1301 1757 1449 1793 diocesis
1466 1757 1630 1805 publicus
1647 1759 1840 1806 apostolica

452 1832 489 1864 et
523 1825 702 1874 imperiali
735 1823 949 1860 auctoritate
982 1821 1143 1857 notarius
1184 1820 1354 1868 premisse
1388 1824 1483 1855 carte
1516 1821 1769 1856 monstracioni
1803 1827 1839 1857 et

450 1888 661 1938 perlectioni
678 1900 752 1923 una
768 1899 851 1922 cum
875 1883 1133 1933 prenominatis
1152 1882 1304 1918 testibus
1329 1894 1473 1930 presens
1490 1881 1637 1917 interfui
1652 1883 1837 1931 ipsamque

452 1957 588 1989 cartam
606 1951 656 1987 sie
672 1949 867 1998 perlectam
884 1947 923 1983 in
940 1947 1037 1982 hunc
1053 1945 1201 1981 modum
1225 1944 1364 1991 copiavi
1381 1943 1433 1979 nil
1451 1943 1584 1979 addens
1600 1944 1658 1979 vel
1674 1945 1838 1980 minuens

450 2014 548 2064 quod
565 2025 709 2050 sensum
725 2016 866 2047 mutare
883 2009 1017 2058 poterit
1040 2012 1103 2044 aut
1125 2006 1262 2042 variare
1286 2005 1507 2041 intellectum
1532 2005 1597 2041 hoc
1622 2005 1836 2042 instrumen-

451 2082 532 2113 tum
550 2088 662 2112 manu
679 2074 824 2122 propria
841 2071 967 2120 scripsi
984 2075 1020 2106 et
1036 2070 1075 2105 in
1092 2069 1184 2104 hanc
1201 2067 1381 2116 publicam
1405 2067 1556 2102 formam
1573 2067 1693 2115 redegi
1709 2068 1836 2117 hicque

450 2153 508 2176 me
538 2137 732 2186 subscripsi
759 2141 797 2172 et
826 2135 929 2183 signo
956 2145 1035 2169 meo
1061 2131 1166 2167 solito
1192 2129 1331 2178 signavi
1360 2128 1552 2177 requisitus
1577 2129 1774 2177 specialiter
1799 2137 1836 2166 et

448 2206 595 2251 rogatus
611 2200 651 2236 in
668 2197 917 2236 testimonium
932 2194 1196 2244 premissorum.

970 2326 1173 2363 AnsraAcr.

373 2435 538 2473 Notarial
573 2447 666 2483 copy
695 2433 736 2470 of
762 2433 903 2469 charter-
932 2432 982 2480 by
1011 2430 1170 2467 Andrew
1193 2426 1369 2470 Wasford‚
1402 2438 1466 2462 son
1496 2424 1568 2461 and
1597 2424 1674 2460 heir
1704 2424 1744 2460 of
1773 2424 1836 2461 the

297 2498 468 2536 deceased
494 2498 619 2535 Simon
644 2496 824 2541 Wasford,
851 2496 891 2532 in
915 2495 1044 2531 favour
1070 2493 1110 2529 of
1127 2491 1190 2528 the
1215 2490 1333 2526 Friars
1359 2487 1550 2525 Preachers
1576 2487 1616 2523 of
1636 2487 1723 2536 Ayr,
1750 2486 1790 2524 of
1816 2501 1836 2523 a
