2130 2962
560 203 778 235 OHARTERS
801 205 853 236 OF
876 205 959 236 THE
981 204 1131 236 FRIARS
1154 206 1397 238 PREAOHERS
1420 207 1471 238 OF
1492 207 1587 239 AYR.
1793 210 1831 238 85

296 302 333 334 et
346 297 617 334 diocesanorum
630 298 689 335 vel
703 311 826 335 eorum
839 299 1054 335 vicariorum
1066 299 1180 335 literis
1194 299 1535 350 elemosinarumque
1551 300 1832 337 mendicatarum

295 360 530 397 medietatem
541 361 610 397 sibi
623 361 814 398 vendicare
826 362 957 398 volunt
970 368 1007 398 et
1019 375 1065 398 ne
1077 363 1217 399 racione
1230 363 1490 400 confessionum
1503 368 1539 400 et
1553 363 1832 400 celebracionum

296 423 488 459 missarum
505 423 644 472 aliquas
663 436 684 460 a
700 424 774 460 suis
791 423 1034 472 parrochianis
1051 423 1261 460 elemosinas
1281 425 1457 473 accipiant
1473 426 1658 473 prohibere
1675 425 1833 474 alioquin

298 490 335 521 et
369 486 440 534 ipsi
468 491 623 522 rectores
656 486 716 522 vel
745 486 871 522 vicarii
904 486 1122 522 tantundem
1156 486 1201 523 ab
1235 487 1323 535 ipsis
1349 487 1590 535 parrochianis
1624 492 1833 535 extorquere

297 549 469 586 nituntur
482 555 519 586 et
532 550 578 586 ad
590 550 851 598 prohibiciones
864 549 1073 585 huiusmodi
1087 549 1326 585 observandas
1340 549 1495 585 censuris
1507 549 1566 585 vel
1584 549 1628 585 ab
1646 549 1833 585 ordinariis

297 612 459 649 locorum
477 617 602 648 contra
618 612 761 649 illarum
778 617 1055 661 transgressores
1071 612 1206 660 passim
1225 611 1381 648 obtentis
1399 611 1458 647 vel
1474 611 1617 659 propria
1633 611 1834 647 temeritate

299 675 346 711 ad
371 675 582 711 terrendum
615 674 814 722 simplicem
843 674 1019 722 populum
1049 674 1112 722 qui
1141 686 1307 710 censuras
1333 673 1438 709 timet
1466 673 1549 709 latis
1576 677 1729 708 utuntur
1759 685 1834 708 cor-

299 750 458 786 poraque
483 743 706 773 mortuorum
728 737 791 786 qui
816 736 988 785 elegerint
1013 736 1156 784 sepeliri
1181 737 1220 772 in
1237 735 1393 772 ecclesiis
1418 734 1660 783 predictorum
1684 734 1835 770 fratrum

299 812 561 848 nonnunquam
599 799 749 848 rapiunt
787 803 825 835 et
858 799 906 835 ad
941 811 1022 834 suas
1060 799 1223 834 ecclesias
1258 798 1424 834 deferunt
1464 797 1669 845 ibidemque
1710 796 1834 832 divina

302 862 485 899 celebrant
502 866 545 898 ut
565 862 616 897 sic
643 862 846 898 oblaciones
871 861 1072 910 percipiant
1098 865 1135 897 et
1160 861 1205 897 de
1230 860 1451 896 funeralibus
1478 872 1519 895 ac
1542 858 1746 895 mortuariis
1770 870 1835 906 pro

302 925 509 973 corporibus
547 937 618 972 que
651 925 691 961 in
725 924 884 961 ecclesiis
918 924 1095 960 dictorum
1128 923 1282 959 fratrum
1315 922 1537 970 sepeliuntur
1570 921 1757 957 dimidiam
1791 920 1837 956 de

302 987 469 1024 omnibus
482 991 604 1023 autem
617 984 748 1033 legatis
766 989 803 1020 et
820 982 1062 1020 oblationibus
1075 987 1241 1030 quartam
1257 986 1377 1030 partes
1390 986 1515 1017 contra
1532 980 1595 1016 diu
1613 980 1836 1016 observatam

302 1049 600 1087 consuetudinem
628 1047 761 1083 habere
791 1045 1017 1082 contendunt
1067 1045 1116 1080 Et
1144 1057 1251 1092 super
1280 1044 1460 1092 premissis
1488 1056 1529 1079 ac
1554 1042 1731 1091 plerisque
1756 1041 1836 1076 aliis

304 1113 421 1149 varias
447 1112 554 1148 dictis
579 1109 753 1146 fratribus
779 1108 963 1144 molestias
992 1106 1154 1143 inferunt
1180 1119 1221 1142 ac
1245 1106 1404 1154 jacturas
1431 1105 1561 1153 quibus
1588 1116 1708 1140 eorum
1738 1103 1837 1151 quies

302 1176 472 1213 turbatur
501 1174 649 1210 divinus
675 1171 795 1208 cultus
820 1170 998 1206 minuitur
1023 1174 1060 1205 et
1084 1169 1180 1204 inter
1207 1167 1340 1204 Christi
1365 1167 1487 1203 fideles
1514 1166 1679 1202 scandala
1704 1165 1837 1213 passim

305 1239 472 1276 oriuntur
495 1250 571 1273 non
588 1236 664 1272 sine
687 1234 811 1270 divine
836 1232 1035 1268 maiestatis
1061 1231 1196 1268 offensa
1226 1236 1263 1267 et
1293 1230 1485 1278 apostolice
1514 1228 1737 1265 auctoritatis
1755 1240 1836 1263 con-

304 1306 447 1349 temptu
509 1297 751 1342 Quamobrem
779 1308 845 1331 nos
876 1295 941 1343 qui
970 1294 1149 1330 dictorum
1176 1294 1329 1329 fratrum
1356 1292 1513 1340 quietem
1539 1296 1575 1327 et
1602 1291 1838 1339 tranquillum

305 1369 443 1400 statum
469 1360 622 1398 intensis
649 1358 894 1395 desideramus
921 1356 1108 1392 affectibus
1134 1360 1177 1391 ut
1202 1355 1276 1391 suis
1302 1353 1541 1389 laudabilibus
1569 1353 1734 1401 operibus
1761 1353 1838 1389 Deo

306 1426 522 1474 acceptiores
543 1423 636 1460 fiant
662 1426 699 1458 et
724 1420 884 1469 quiecius
910 1431 975 1467 pro
1001 1417 1235 1454 delirancium
1262 1416 1512 1452 emendacione
1539 1428 1579 1451 ac
1604 1415 1717 1451 salute
1743 1415 1840 1463 apud

306 1488 425 1525 Deum
437 1487 604 1523 insistere
616 1484 758 1533 possint
771 1483 950 1518 dictorum
967 1480 1143 1530 generalis
1159 1479 1323 1528 magistri
1338 1483 1374 1514 et
1390 1478 1549 1526 priorum
1565 1477 1839 1525 provincialium

307 1550 476 1587 Fratrum
509 1548 781 1585 Predicatorum
813 1543 1055 1592 predictorum
1080 1541 1276 1577 humilibus
1307 1552 1413 1587 super
1441 1539 1508 1575 hoc
1540 1539 1644 1575 nobis
1668 1539 1839 1586 porrectis

307 1610 635 1661 supplicacionibus
660 1607 827 1645 inclinati
851 1606 954 1643 vobis
973 1610 1009 1641 et
1027 1604 1176 1640 cuilibet
1200 1607 1362 1639 vestrum
1386 1614 1450 1649 per
1475 1605 1656 1649 presentes
1681 1601 1841 1637 districte

307 1674 539 1724 precipiendo
564 1672 781 1709 mandamus
802 1669 868 1705 sub
895 1667 1001 1704 dictis
1028 1666 1184 1703 censuris
1210 1670 1252 1701 ut
1271 1670 1307 1701 et
1324 1677 1389 1700 vos
1407 1664 1452 1700 ab
1469 1676 1592 1699 eorum
1616 1663 1780 1699 molestia
1806 1667 1842 1699 et

309 1738 407 1774 omni
449 1735 703 1785 inquietudine
745 1732 891 1781 penitus
934 1728 1145 1766 abstineatis
1191 1732 1228 1764 et
1268 1726 1438 1775 quociens
1478 1725 1623 1761 nomine
1665 1725 1841 1760 dictorum

307 1801 462 1837 fratrum
492 1799 552 1835 vel
579 1796 730 1833 alicuius
761 1807 806 1831 ex
839 1805 961 1829 eorum
991 1790 1126 1826 ordinis
1156 1789 1333 1838 prioribus
1363 1787 1642 1836 provincialibus
1671 1787 1731 1823 vel
1761 1799 1842 1823 con-

309 1861 541 1899 ventualibus
576 1872 641 1909 pro
681 1863 844 1905 tempore
874 1852 1113 1890 existentibus
1138 1851 1278 1887 fueritis
1304 1862 1410 1898 super
1442 1849 1510 1885 hoc
1536 1849 1697 1897 requisiti
1720 1861 1842 1884 omnes

311 1930 347 1962 et
386 1924 546 1973 singulos
584 1919 861 1971 parrochialium
895 1915 1123 1952 ecclesiarum
1162 1914 1201 1948 in
1237 1912 1365 1949 vestris
1398 1911 1595 1958 respective
1637 1911 1843 1946 civitatibus

312 1993 349 2025 et
383 1986 585 2023 diocesibus
628 1983 824 2020 existentes
858 1983 1011 2015 rectores
1045 1988 1107 2011 seu
1141 1974 1292 2010 vicarios
1326 1973 1373 2009 ad
1406 1972 1651 2008 desistendum
1692 1972 1842 2019 posthac

311 2051 356 2087 ab
394 2047 605 2086 huiusmodi
637 2043 812 2082 molestiis
846 2046 883 2078 et
916 2037 1184 2089 gravaminibus
1219 2034 1563 2081 constitucionesque
1596 2033 1773 2081 predictas
1807 2039 1843 2069 et

311 2114 490 2150 dictorum
523 2111 676 2146 fratrum
710 2105 900 2155 privilegia
934 2104 984 2139 eis
1018 2098 1274 2137 inviolabiliter
1315 2095 1536 2133 observanda
1574 2095 1640 2131 sub
1673 2095 1774 2142 penis
1808 2101 1844 2131 et

311 2175 470 2213 censuris
497 2174 537 2210 in
561 2171 651 2208 dicti
677 2169 771 2207 Sixti
796 2164 1051 2216 predecessoris
1079 2160 1295 2198 inhibicione
1323 2157 1502 2194 contentis
1528 2157 1703 2193 moneatis
1730 2162 1767 2193 et
1793 2158 1844 2193 eis

313 2236 547 2288 [p]recipiatis
575 2232 825 2270 inobedientes
855 2241 941 2265 vero
975 2224 1147 2275 legitimis
1181 2234 1287 2270 super
1319 2220 1387 2256 hoc
1416 2219 1590 2255 habendis
1622 2219 1844 2266 processibus

313 2313 480 2339 censuras
519 2303 556 2335 et
595 2307 707 2344 penas
741 2291 921 2341 predictas
955 2287 1144 2325 incurrisse
1179 2283 1365 2320 declaretis
1398 2286 1435 2317 et
1468 2281 1664 2317 declaratos
1702 2281 1844 2329 publice

311 2362 493 2402 nuncietis
510 2374 551 2397 ac
571 2356 736 2395 nunciari
753 2360 789 2391 et
806 2359 848 2390 ut
864 2353 955 2390 tales
973 2351 1017 2387 ab
1036 2347 1201 2386 omnibus
1219 2345 1350 2396 arctius
1375 2343 1501 2380 evitari
1526 2342 1704 2379 mandetis
1722 2348 1758 2379 et
1774 2344 1845 2380 alia

310 2426 454 2465 faciatis
472 2422 598 2473 quein
623 2418 805 2469 premissis
821 2416 956 2452 fuerint
981 2409 1248 2462 quomodolibet
1272 2411 1446 2456 oportuna
1470 2406 1636 2442 invocato
1663 2405 1774 2441 eciam
1800 2407 1846 2444 ad

313 2492 381 2529 hoc
398 2487 569 2539 quociens
587 2496 676 2533 opus
689 2481 798 2518 fuerit
815 2478 949 2516 auxilio
966 2474 1100 2523 brachij
1121 2470 1287 2510 secularis
1304 2469 1473 2519 Reliquas
1486 2481 1569 2506 vero
1586 2481 1752 2517 personas
1769 2474 1845 2506 tam
