2130 2962
309 208 347 236 92
561 206 776 237 CHARTERS
800 207 851 237 OF
873 207 955 237 THE
977 206 1126 237 FRIARS
1148 206 1392 236 PREACHERS
1416 206 1468 237 OF
1490 206 1584 237 AYR.

305 300 574 337 Predicatorum
600 301 744 338 ecclesie
771 306 892 338 sancte
923 301 1121 338 Katherine
1148 300 1238 336 dicti
1263 299 1367 349 burgi
1394 305 1430 336 et
1455 313 1577 336 eorum
1603 313 1844 336 successorum

305 427 478 462 naturalis
498 426 586 463 dicti
603 427 683 463 Ade
706 427 863 464 Wallace
888 432 1006 463 totum
1025 431 1061 462 et
1078 427 1259 473 integrum
1287 437 1392 460 suum
1418 424 1570 460 liberum
1596 429 1844 461 tenementum

306 489 464 525 eiusdem
494 489 693 526 molendini
724 503 805 526 011111
835 490 932 525 dicta
965 489 1066 537 pecia
1099 492 1192 523 terre
1223 487 1319 522 dicto
1349 486 1556 522 molendino
1591 492 1776 534 spectante
1806 492 1843 524 et

303 552 506 599 pertinente
540 565 581 587 ac
606 552 757 600 piscaria
791 551 991 587 salmonum
1017 550 1061 586 de
1096 549 1206 585 croeis
1242 548 1282 584 in
1311 548 1351 596 ly
1381 548 1544 596 myldam
1570 549 1730 585 eiusdem
1760 563 1841 585 cum

304 613 469 650 omnibus
487 618 524 650 et
547 614 696 662 singulis
724 614 797 649 suis
824 612 1052 661 pertinenciis
1076 611 1199 660 jacens
1224 616 1267 646 ut
1294 623 1401 658 supra
1427 610 1466 646 in
1495 611 1661 647 manibus
1688 612 1841 659 predicti

302 675 426 724 ballivj
447 689 510 724 per
526 676 760 712 tradicionem
776 675 882 711 fustis
896 680 932 710 et
945 674 1064 710 baculi
1077 686 1219 709 sursum
1232 672 1392 708 reddidit
1408 686 1566 721 pureque
1580 678 1616 709 et
1630 674 1842 722 simpliciter

303 750 344 773 ac
360 738 562 773 voluntarie
583 738 778 786 resignavit
804 738 1069 784 imperpetuum
1087 740 1124 771 et
1141 735 1208 771 hoc
1227 735 1338 770 eciam
1355 735 1394 770 in
1411 735 1571 771 favorem
1596 736 1838 783 predictorum

303 800 470 836 Fratrum
503 800 772 836 Predicatorum
806 804 842 835 et
877 811 999 835 eorum
1042 810 1283 833 successorum
1317 802 1360 833 ut
1393 810 1501 845 supra
1549 798 1837 847 Quibusquidem

302 861 606 910 resignacionibus
632 862 682 897 sic
707 861 811 896 factis
838 865 874 896 et
900 873 963 908 per
989 860 1169 908 prefatum
1202 859 1378 895 ballivum
1412 860 1532 896 debite
1558 861 1710 908 receptis
1740 862 1836 899 idem

301 923 474 959 Ricardus
505 923 596 959 Reid
625 923 779 958 ballivus
810 922 1012 958 antedictus
1042 921 1277 970 personaliter
1310 922 1459 958 accessit
1474 923 1534 958 ad
1562 923 1716 959 fundum
1746 924 1835 961 dicti

300 984 497 1020 molendini
515 989 551 1020 et
568 984 703 1020 ibidem
719 989 862 1020 vertute
880 984 934 1019 sui
952 983 1056 1031 officij
1077 984 1250 1019 antedicti
1268 997 1308 1019 ac
1324 985 1457 1020 tenoris
1474 984 1569 1021 dicte
1582 986 1834 1034 resignacionis

301 1051 436 1082 statum
466 1052 502 1082 et
531 1046 700 1081 saisinam
733 1045 984 1081 hereditariam
1013 1058 1152 1081 necnon
1181 1045 1312 1081 realem
1343 1046 1520 1081 actualem
1550 1052 1586 1082 et
1616 1049 1832 1095 corporalem

298 1108 554 1156 possessionem
572 1108 616 1143 de
633 1113 712 1143 toto
730 1112 766 1143 et
783 1108 922 1156 integro
949 1108 1044 1143 dicto
1070 1107 1275 1143 molendino
1301 1108 1530 1144 fullonatorio
1557 1122 1598 1145 30
1622 1111 1723 1157 pecia
1738 1116 1833 1147 terre

298 1170 460 1218 predicta
486 1171 609 1206 eodem
634 1170 839 1205 molendino
866 1174 1050 1217 spectante
1068 1175 1104 1205 et
1119 1170 1322 1217 pertinente
1340 1175 1376 1206 et
1394 1170 1439 1206 de
1455 1170 1607 1217 piscaria
1632 1172 1832 1208 salmonum

299 1232 343 1267 de
370 1232 479 1267 croeis
506 1232 545 1267 in
574 1233 613 1280 ly
638 1231 800 1280 myldam
826 1232 984 1267 eiusdem
1015 1244 1096 1267 cum
1127 1232 1290 1268 omnibus
1319 1237 1357 1268 et
1384 1233 1535 1281 singulis
1565 1233 1638 1268 suis
1665 1233 1832 1280 proficuis

299 1294 548 1330 emolumentis
574 1292 886 1329 commoditatibus
913 1293 1117 1329 asiamentis
1136 1307 1176 1329 ac
1202 1294 1306 1329 iustis
1332 1294 1405 1330 suis
1430 1295 1661 1342 pertinenciis
1686 1296 1831 1343 quibus-

298 1368 436 1403 cunque
455 1356 606 1391 discreto
624 1355 787 1403 religioso
804 1355 882 1390 viro
900 1355 1003 1390 fratri
1029 1355 1184 1390 Roberto
1211 1355 1312 1390 Prait
1334 1356 1444 1403 priori
1468 1356 1645 1392 dictorum
1662 1357 1832 1394 Fratrum

297 1418 564 1453 Predicatorum
576 1417 669 1452 dicte
681 1416 824 1452 ecclesie
839 1421 961 1452 sancte
974 1416 1173 1452 Katherine
1187 1417 1231 1452 de
1244 1417 1330 1453 Aire
1343 1418 1489 1453 nomine
1503 1418 1618 1454 tocius
1633 1425 1831 1457 conventus

298 1480 455 1515 eiusdem
474 1484 509 1515 et
526 1479 598 1514 suis
617 1478 875 1514 successoribus
898 1479 1074 1526 prioribus
1091 1479 1258 1514 Fratrum
1274 1479 1544 1515 Predicatorum
1564 1481 1660 1517 dicte
1686 1483 1830 1519 ecclesie

297 1541 492 1577 secundum
525 1541 676 1576 formam
711 1545 747 1575 et
780 1544 940 1575 tenorem
974 1541 1121 1588 antique
1155 1541 1411 1576 infeodacionis
1445 1542 1627 1589 quondam
1661 1543 1830 1592 Hugonis

297 1603 454 1638 Wallace
479 1602 592 1650 patris
618 1601 794 1636 dictorum
819 1601 898 1636 Ade
916 1606 953 1636 et
971 1601 1136 1649 Hugonis
1155 1602 1199 1637 (10
1217 1603 1422 1638 huiusmodi
1439 1617 1480 1639 ac
1499 1605 1610 1640 eciam
1628 1611 1723 1641 carte
1741 1607 1828 1654 ipsis

296 1670 418 1700 tenore
446 1664 603 1699 eiusdem
630 1663 781 1709 desuper
810 1662 1025 1698 conficiende
1052 1675 1115 1710 per
1144 1676 1298 1699 massam
1327 1669 1420 1700 terre
1448 1669 1485 1699 et
1511 1665 1641 1712 lapidis
1669 1668 1827 1704 eiusdem

297 1725 402 1760 fundi
429 1724 663 1760 tradicionem
687 1728 730 1758 ut
756 1723 863 1758 moris
891 1728 945 1758 est
971 1723 1182 1760 hereditarie
1212 1725 1363 1760 contulit
1391 1731 1427 1761 et
1455 1726 1666 1763 deliberavit
1696 1729 1826 1776 imper-

299 1790 449 1834 petuum
476 1785 573 1821 salvo
600 1784 681 1832 jure
712 1784 900 1820 cuiuslibet
923 1784 1037 1832 Super
1065 1785 1196 1833 quibus
1226 1799 1310 1821 vero
1341 1787 1506 1823 omnibus
1535 1793 1573 1824 et
1597 1789 1750 1838 singulis
1778 1792 1829 1828 sic

297 1847 477 1895 premissis
511 1846 669 1894 prefatus
702 1846 798 1893 prior
832 1846 1009 1882 dictorum
1049 1847 1215 1882 Fratrum
1249 1848 1516 1885 Predicatorum
1550 1850 1646 1887 dicte
1681 1853 1826 1890 ecclesie

297 1910 441 1945 nomine
455 1913 490 1944 et
508 1921 551 1944 ex
568 1912 669 1955 parte
688 1908 803 1943 tocius
822 1913 1018 1944 conventus
1034 1909 1194 1944 eiusdem
1212 1922 1233 1945 a
1245 1922 1302 1945 me
1316 1911 1454 1947 notario
1467 1912 1610 1959 publico
1625 1913 1826 1963 subscripto

297 1971 366 2007 sibi
392 1970 470 2006 fieri
499 1970 607 2017 peciit
634 1982 747 2005 unum
774 1982 836 2005 seu
862 1970 966 2017 plura
991 1970 1175 2018 publicum
1204 1984 1265 2007 seu
1291 1972 1434 2019 publica
1460 1974 1740 2012 instrumentum
1768 1979 1828 2014 vel

297 2034 536 2069 instrumenta
561 2031 654 2067 Acta
679 2037 780 2067 erant
805 2032 870 2068 hec
895 2032 989 2068 infra
1014 2032 1165 2080 burgum
1184 2032 1228 2068 de
1246 2033 1331 2069 Aire
1348 2034 1385 2069 in
1403 2035 1547 2082 publico
1565 2038 1645 2073 vico
1667 2039 1828 2077 eiusdem

297 2108 407 2143 prope
434 2095 568 2130 dictam
599 2094 781 2130 ecclesiam
808 2094 985 2130 dictorum
1010 2094 1279 2130 Predicatorum
1306 2096 1424 2143 quoad
1451 2099 1713 2147 resignaciones
1740 2103 1828 2139 hora

297 2157 399 2206 quasi
416 2156 553 2193 decima
571 2161 653 2191 ante
670 2156 854 2192 meridiem
873 2161 909 2192 et
926 2156 1012 2192 hora
1036 2157 1224 2192 undecima
1250 2163 1333 2194 ante
1359 2160 1551 2197 merediem
1577 2164 1696 2210 quoad
1712 2166 1828 2202 sasine

297 2219 529 2256 tradicionem
547 2222 609 2253 aut
627 2231 668 2253 ea
681 2218 773 2254 circa
791 2218 857 2254 sub
876 2232 969 2254 anno
988 2219 1045 2255 die
1063 2232 1182 2255 mense
1199 2220 1398 2257 indiccione
1416 2227 1453 2258 et
1469 2224 1683 2271 pontificatu
1697 2228 1828 2275 quibus

296 2295 404 2330 supra
420 2280 643 2329 presentibus
661 2281 794 2316 ibidem
811 2280 1015 2317 Alexandro
1033 2281 1167 2317 Lokart
1185 2281 1350 2319 ι1011311110
1368 2284 1472 2321 Μ1110
1490 2286 1638 2324 Andrea
1654 2289 1829 2328 Tennand

296 2344 319 2380 J
321 2344 459 2379 ohanne
484 2343 682 2391 Dalrimple
707 2343 731 2379 J
734 2343 872 2380 ohanne
897 2344 1145 2392 Ownyngham
1162 2344 1368 2382 Alexandro
1395 2347 1566 2385 Mortoun
1592 2350 1829 2400 burgensibus

297 2406 384 2442 dicti
413 2406 518 2454 burgi
548 2405 752 2441 Alexandro
783 2405 948 2441 Huntare
978 2405 1236 2443 molendinario
1264 2412 1300 2443 et
1332 2408 1477 2446 domino
1507 2411 1664 2449 Roberto
1694 2414 1828 2464 Legate

298 2467 478 2516 capellano
497 2480 578 2503 011111
596 2467 744 2503 diversis
762 2468 841 2504 aliis
859 2468 1010 2504 testibus
1028 2467 1073 2504 ad
1090 2469 1262 2516 premissa
1280 2472 1417 2509 vocatis
1434 2474 1569 2522 pariter
1587 2480 1623 2512 et
1639 2478 1783 2526 rogatis,
