2130 2962
562 205 781 237 CHARTERS
804 206 856 237 OF
876 206 959 237 THE
981 207 1132 239 FRIARS
1154 209 1397 241 PREAGHERS
1421 212 1472 243 OF
1493 212 1585 244 AYR.
1807 217 1845 246 25

311 351 366 388 1²7.
395 350 554 399 Precept
589 351 634 400 by
667 350 853 389 Cardinal
884 350 1026 388 Walter
1052 358 1087 388 to
1113 352 1169 389 the
1202 352 1313 390 Vicar
1343 353 1388 402 of
1408 354 1501 403 ΑΨ,
1529 362 1563 393 to
1595 369 1759 394 sammon
1790 358 1845 394 the

459 412 603 451 Bailies
620 414 699 451 and
715 414 915 463 Ramesses
933 414 977 463 of
986 415 1042 452 the
1059 414 1144 451 said
1161 415 1293 464 Burqh
1311 423 1344 452 to
1362 417 1418 453 the
1434 417 1567 456 Aetion
1585 419 1734 457 between
1752 420 1844 458 them

459 476 537 514 omd
555 477 612 513 the
628 476 763 514 Ffflotrs
779 476 1150 527 Preaohers.—-[12th
1168 478 1261 527 July
1282 478 1408 529 1386]

375 580 556 617 Walterus
570 580 802 617 miseracione
816 580 943 617 divina
956 586 1078 618 sancte
1092 581 1252 619 Romane
1271 583 1415 620 ecclesie
1430 583 1627 621 Cardinalis
1641 586 1844 623 omnimoda

309 648 487 693 potestate
513 644 625 693 legati
648 656 669 679 a
695 643 808 680 latere
835 643 874 679 in
903 643 1025 680 Scocie
1056 649 1093 680 et
1121 644 1278 682 Ybernie
1307 646 1425 694 regnis
1455 646 1669 684 sufficienter
1697 648 1844 685 fulcitus

309 706 440 744 dilecto
457 707 561 743 nobis
578 707 618 742 in
637 706 780 743 Christo
797 711 971 754 perpetuo
987 707 1122 743 vicario
1140 707 1285 744 ecclesie
1303 708 1347 744 de
1364 707 1437 744 Are
1454 708 1684 758 Glasguensis
1697 711 1845 748 diocesis

309 770 462 806 salutem
478 770 518 805 in
534 769 692 805 Domino
744 768 838 812 Quia
864 769 951 805 alias
969 769 1073 805 citari
1089 769 1239 806 fecimus
1256 770 1449 819 burgenses
1466 771 1571 820 burgi
1589 772 1634 808 de
1659 772 1731 809 Are
1748 774 1844 822 quod

309 836 554 881 comparerent
581 844 701 868 coram
728 831 832 867 nobis
849 831 909 867 vel
926 844 990 879 per
1007 844 1044 868 se
1061 832 1121 869 vel
1147 845 1211 880 per
1237 838 1482 881 procuratores
1510 833 1724 871 sufficientes
1742 837 1844 872 certis

309 895 366 932 die
393 900 429 931 et
461 895 539 930 loco
574 894 710 930 eisdem
744 894 937 942 assignatis
971 907 1053 930 cum
1088 894 1254 931 omnibus
1289 896 1377 931 actis
1410 895 1547 932 iuribus
1580 897 1774 946 evidencijs
1808 903 1844 935 et

307 958 539 994 munimentis
581 956 713 1005 quibus
755 956 952 994 intendunt
994 969 1138 993 causam
1180 970 1249 1007 que
1281 958 1437 994 vertitur
1477 959 1573 995 inter
1613 960 1766 1007 priorem
1808 966 1844 997 et

308 1024 525 1057 conventum
541 1018 696 1055 fratrum
713 1018 984 1055 Predicatorum
1002 1019 1046 1055 de
1063 1019 1135 1055 Are
1153 1032 1197 1055 ex
1217 1025 1318 1068 parte
1335 1033 1408 1056 una
1426 1025 1463 1056 et
1478 1021 1574 1069 ipsos
1591 1022 1782 1070 burgenses
1800 1036 1843 1059 ex

308 1082 419 1119 altera
445 1082 491 1118 ad
519 1081 775 1130 opponendum
803 1086 840 1119 et
866 1081 1158 1131 respondendum
1185 1082 1224 1117 in
1251 1082 1349 1118 dicta
1378 1096 1483 1119 causa
1510 1088 1546 1119 et
1573 1084 1619 1120 ad
1645 1084 1842 1121 videndum

307 1144 450 1193 procedi
483 1144 522 1180 in
562 1143 688 1180 eadem
731 1143 844 1180 eciam
887 1143 933 1179 ad
976 1143 1208 1182 diffinitivam
1249 1145 1468 1181 sentenciam
1511 1146 1541 1181 si
1582 1146 1727 1194 liquiret
1761 1160 1842 1183 cum

308 1206 536 1243 intimacione
553 1205 652 1254 quod
669 1205 699 1241 si
717 1205 830 1241 altera
846 1218 929 1254 pars
957 1205 1066 1241 fuerit
1096 1205 1222 1242 absens
1250 1206 1362 1242 altera
1386 1211 1489 1255 parte
1515 1207 1674 1243 instante
1691 1208 1729 1243 in
1746 1208 1843 1244 dicta

308 1281 412 1305 causa
443 1268 714 1316 procederemus
748 1267 788 1303 in
821 1272 1000 1317 quantum
1043 1267 1088 1304 de
1130 1268 1207 1303 iure
1248 1268 1358 1304 fuerit
1399 1268 1665 1316 procedendum
1699 1275 1735 1306 ct
1768 1283 1841 1306 non

307 1335 579 1379 comparuerunt
596 1335 651 1367 set
668 1343 705 1366 se
723 1330 983 1368 contumaciter
1000 1329 1237 1366 absentarunt
1279 1330 1355 1366 Nos
1372 1330 1534 1366 volentes
1559 1331 1598 1366 in
1622 1331 1719 1367 dicta
1736 1345 1841 1369 causa

307 1398 445 1430 mature
481 1393 672 1441 procedere
715 1393 763 1429 ad
805 1405 949 1431 omnem
991 1392 1152 1442 ipsorum
1193 1392 1373 1428 maliciam
1416 1393 1697 1429 convincendam
1739 1395 1840 1431 vobis

308 1456 519 1493 auctoritate
551 1455 778 1504 presencium
812 1454 1071 1491 committimus
1108 1454 1323 1502 precipimus
1356 1459 1393 1490 et
1426 1455 1637 1491 mandamus
1670 1456 1840 1504 quatinus

308 1519 426 1555 citetis
455 1518 606 1555 ballivos
635 1517 725 1554 dicti
752 1517 859 1565 burgi
886 1517 931 1553 de
958 1515 1030 1552 Are
1059 1529 1099 1552 ac
1127 1529 1250 1552 omnes
1280 1516 1367 1552 alios
1395 1522 1431 1553 et
1458 1517 1616 1565 singulos
1649 1517 1840 1566 burgenses

308 1583 464 1619 eiusdem
482 1595 519 1618 se
536 1582 575 1617 in
592 1581 690 1617 dicta
715 1592 821 1616 causa
837 1579 1123 1614 intromittentes
1141 1578 1238 1626 quod
1263 1583 1493 1626 compareant
1520 1591 1638 1614 coram
1662 1579 1765 1615 nobis
1781 1580 1840 1616 vel

306 1645 525 1681 auditoribus
548 1643 682 1680 nostris
708 1641 872 1690 pluribus
896 1645 959 1676 aut
986 1653 1058 1676 uno
1086 1641 1125 1676 in
1152 1640 1299 1676 ecclesia
1325 1641 1452 1676 maiori
1480 1640 1692 1689 Glasguensi
1708 1641 1747 1676 in
1763 1641 1839 1678 loco

306 1706 539 1743 consistoriali
557 1705 717 1742 eiusdem
733 1717 799 1752 per
816 1716 852 1739 se
869 1702 928 1739 vel
945 1715 1009 1750 per
1026 1706 1272 1750 procuratores
1295 1701 1453 1750 ydoneos
1478 1702 1646 1737 vicesimo
1664 1707 1764 1738 sexto
1783 1703 1840 1739 die

304 1769 411 1805 huius
427 1769 559 1804 mensis
576 1768 600 1804 J
600 1767 663 1816 11115
684 1766 731 1803 ad
748 1764 969 1802 audiendum
987 1769 1024 1800 et
1041 1763 1240 1799 videndum
1266 1764 1483 1799 sentenciam
1509 1763 1739 1800 diffinitivam
1756 1764 1840 1801 ferri

305 1832 343 1868 in
360 1832 458 1868 dicta
475 1844 580 1867 causa
596 1829 656 1866 vel
674 1828 721 1864 ad
738 1826 1003 1864 ostendendum
1020 1839 1163 1861 causam
1180 1825 1430 1861 racionabilem
1443 1838 1552 1874 quare
1568 1826 1607 1861 in
1621 1826 1718 1862 dicta
1735 1839 1840 1863 causa

304 1895 484 1931 sentencia
500 1906 574 1929 non
592 1897 647 1929 est
673 1890 821 1927 ferenda
848 1888 1066 1925 Intimantes
1095 1887 1228 1923 eisdem
1255 1887 1352 1935 quod
1378 1887 1453 1923 sive
1480 1888 1576 1924 dicto
1604 1889 1661 1924 die
1688 1891 1838 1926 veniunt

303 1957 378 1993 sive
395 1970 469 1992 non
485 1956 524 1991 in
542 1956 638 1991 dicta
655 1966 762 1990 causa
781 1951 1013 2001 procedemus
1030 1950 1069 1985 in
1086 1954 1260 1997 quantum
1280 1948 1325 1984 de
1342 1949 1417 1985 iure
1443 1949 1551 1986 fuerit
1575 1952 1837 1998 procedendum

302 2019 461 2067 ipsorum
479 2016 703 2054 contumacia
719 2028 793 2051 non
811 2014 979 2050 obstante
1022 2012 1067 2047 In
1085 2011 1228 2059 signum
1245 2023 1329 2046 vero
1346 2011 1452 2047 huius
1469 2012 1629 2047 mandati
1645 2014 1758 2049 nostri
1773 2026 1837 2061 per

303 2094 368 2116 vos
385 2080 526 2128 plenius
544 2079 685 2115 executi
702 2077 863 2126 sigillum
879 2080 1042 2111 vestrum
1067 2073 1291 2121 presentibus
1309 2074 1496 2121 apponatis
1515 2079 1551 2109 et
1569 2087 1626 2110 eas
1645 2075 1835 2111 earundem

301 2142 442 2179 reddite
459 2141 625 2189 portitori
666 2140 804 2176 Datum
818 2138 885 2174 sub
903 2136 1020 2186 sigillo
1038 2140 1161 2171 nostro
1179 2134 1273 2182 apud
1287 2134 1419 2171 Lacum
1439 2135 1507 2183 xij⁰
1525 2136 1582 2172 die
1599 2137 1729 2171 mensis
1746 2136 1770 2172 J
1771 2137 1832 2185 ulij

302 2218 397 2242 anno
415 2204 563 2241 Domini
579 2202 769 2239 millesimo
788 2207 888 2238 ccc¹¹²⁰
907 2198 1125 2248 octogesimo
1143 2201 1255 2233 sexto.

932 2330 1203 2365 TRAnsLATmN.

374 2422 523 2466 Walter,
556 2420 606 2469 by
634 2420 697 2456 the
727 2419 850 2457 divine
879 2431 1013 2467 mercy,
1046 2415 1215 2454 Oardinal
1245 2415 1284 2451 of
1308 2414 1376 2455 the
1407 2413 1494 2462 holy
1522 2414 1660 2451 Roman
1690 2415 1832 2462 church‚

296 2484 461 2522 invested
478 2483 567 2520 with
583 2482 734 2532 plenary
750 2495 870 2531 power
890 2481 930 2518 of
952 2481 1070 2530 legate
1088 2492 1113 2516 α
1131 2478 1243 2515 latere
1261 2477 1300 2514 in
1317 2477 1380 2513 the
1397 2477 1588 2526 kingdoms
1606 2478 1645 2514 of
1663 2478 1834 2516 Scotland

1057 2541 1080 2566 E
