2130 2962
300 215 340 244 56
554 213 769 244 CHARTERS
792 213 843 244 OF
866 213 949 243 THE
971 212 1120 243 FRIARS
1141 210 1387 242 PREAOHERS
1411 210 1462 241 OF
1483 209 1577 240 AYR.

299 309 489 346 Isabellam
503 309 685 346 dominam
699 309 874 346 Glammis
891 314 928 345 et
945 307 1131 356 Kennydy
1144 320 1189 344 ex
1205 311 1307 355 parte
1324 319 1398 343 una
1412 311 1449 342 et
1460 306 1616 354 priorem
1631 310 1667 342 et
1681 319 1834 343 conven-

299 377 379 409 tum
392 373 553 422 religiose
566 372 694 409 domus
707 372 875 408 Fratrum
886 371 1156 407 Predicatorum
1169 370 1277 418 burgi
1290 369 1335 405 de
1348 368 1420 405 Are
1435 381 1517 404 cum
1529 381 1702 404 consensu
1715 368 1838 404 fratris

299 435 323 471 J
325 436 476 472 ohannis
493 436 597 472 Mure
614 435 737 483 vicarij
760 434 934 484 generalis
951 434 1040 469 dicti
1060 433 1196 469 ordinis
1217 432 1311 468 infra
1327 444 1479 480 regnum
1500 430 1621 466 Scocie
1638 431 1783 466 nomine
1802 436 1838 466 et

301 511 346 534 ex
366 503 467 546 parte
484 498 598 534 tocius
625 498 759 534 ordinis
777 510 821 534 ex
837 501 940 545 parte
958 496 1070 532 altera
1094 495 1134 531 in
1150 495 1246 530 hunc
1263 494 1413 530 modum
1430 498 1641 542 sequentem
1658 493 1726 529 viz.
1745 493 1838 536 Quia

301 560 398 597 dicta
415 560 560 596 domina
576 560 727 596 Isabella
745 560 838 595 dicte
856 559 980 594 domui
1000 558 1168 594 Fratrum
1186 556 1455 593 Predicatorum
1477 568 1521 591 ex
1543 556 1619 591 eius
1640 561 1837 603 conquestu

302 623 453 659 conferri
487 628 523 659 et
557 623 682 658 donari
711 622 797 658 fecit
824 620 863 656 in
891 633 1018 668 puram
1047 624 1084 656 et
1113 624 1324 667 perpetuam
1355 618 1587 654 elemosinam
1614 623 1726 654 terras
1756 618 1837 654 sub-

302 690 491 733 sequentes
514 690 551 721 et
577 697 713 720 annuos
740 683 901 719 redditus
931 683 998 719 viz.
1029 681 1118 718 duas
1147 686 1268 729 partes
1298 686 1391 717 terre
1419 681 1464 716 de
1484 680 1717 716 Kerrislande
1744 680 1839 716 inter

301 752 414 783 terras
433 747 609 783 dictorum
626 747 792 782 Fratrum
810 745 1079 780 Predicatorum
1097 757 1141 780 ex
1154 749 1256 792 parte
1274 756 1347 781 una
1365 748 1401 779 et
1417 749 1531 779 terras
1549 743 1777 779 dominorum
1795 743 1840 779 de

302 808 473 845 Dundufe
491 813 527 844 et
545 808 704 856 Oragcafi
727 820 772 843 ex
789 811 891 855 parte
910 806 1021 842 altera
1037 818 1176 841 necnon
1194 806 1283 841 duas
1299 810 1420 853 partes
1437 810 1613 841 terrarum
1630 805 1675 841 de
1699 805 1838 841 Kerris-

301 870 420 906 holme
445 870 538 905 infra
554 875 665 905 terras
683 869 819 905 domini
835 868 859 904 J
861 868 1011 904 ohannis
1032 868 1174 903 Holmis
1193 868 1367 915 capellani
1385 881 1428 904 ex
1449 872 1552 915 parte
1569 880 1642 903 una
1666 871 1702 903 et
1727 872 1838 903 terras

302 931 482 980 quondam
499 931 523 967 J
525 931 674 967 ohannis
691 930 945 966 Mordathsone
963 943 1007 965 ex
1029 935 1131 977 parte
1149 930 1261 966 altera
1277 930 1437 978 jacentes
1462 930 1501 965 in
1527 929 1707 965 territorio
1733 929 1839 977 burgi

302 994 347 1029 de
372 994 444 1029 Are
469 993 563 1028 infra
579 992 869 1029 vicecomitatum
889 992 1047 1028 eiusdem
1064 992 1118 1027 Ac
1136 992 1248 1027 eciam
1265 992 1354 1028 duos
1373 992 1504 1027 solidos
1522 997 1558 1028 et
1575 997 1656 1027 octo
1674 992 1839 1028 denarios

301 1055 436 1091 usualis
453 1060 595 1090 monete
614 1054 735 1090 Scocie
753 1066 951 1089 annuorum
971 1054 1179 1090 reddituum
1197 1054 1442 1090 exeundorum
1466 1059 1503 1090 et
1529 1054 1766 1090 levandorum
1792 1054 1839 1090 ad

302 1117 391 1152 duos
417 1117 502 1152 anni
530 1116 702 1151 terminos
729 1120 916 1151 consuetos
945 1115 990 1151 de
1018 1115 1120 1151 terris
1147 1115 1191 1151 de
1222 1116 1495 1163 Strobryddyne
1525 1116 1621 1152 infra
1650 1121 1763 1152 terras
1793 1116 1838 1152 de

301 1179 337 1214 N
339 1178 450 1214 ethire
469 1177 676 1225 Olowyngal
689 1181 726 1212 et
743 1177 854 1212 eciam
872 1177 940 1212 alia
957 1176 1098 1212 diversa
1114 1176 1288 1213 beneficia
1304 1179 1464 1226 gratuita
1481 1178 1576 1214 dicte
1595 1179 1719 1214 domui
1737 1179 1838 1215 dedit

303 1245 340 1276 et
358 1240 530 1275 concessit
547 1239 635 1274 dicti
651 1239 747 1286 prior
765 1243 800 1274 et
818 1243 1015 1274 conventus
1032 1243 1201 1274 tenentur
1219 1244 1255 1274 et
1273 1239 1478 1288 obligantur
1500 1241 1767 1289 imperpetuum
1793 1242 1840 1277 ad

303 1301 578 1337 celebracionem
595 1306 632 1336 et
657 1300 944 1336 observacionem
969 1300 1220 1349 suffragiorum
1246 1306 1283 1337 et
1309 1302 1514 1338 oracionum
1540 1303 1838 1352 subsequencium

303 1363 368 1398 viz.
390 1362 486 1411 quod
510 1363 646 1398 decimo
664 1375 758 1398 nono
777 1362 834 1398 die
852 1362 983 1398 mensis
1001 1362 1125 1410 Marcij
1147 1375 1187 1398 ac
1205 1364 1317 1399 eciam
1334 1369 1436 1400 sexto
1454 1364 1512 1400 die
1531 1366 1662 1401 mensis
1680 1366 1839 1415 Augusti

304 1425 491 1460 annuatim
534 1425 693 1473 quolibet
733 1424 911 1460 dictorum
952 1424 1090 1459 dierum
1132 1437 1246 1460 unum
1280 1426 1562 1463 anniversarium
1605 1432 1642 1463 et
1675 1428 1839 1476 vigiliam

304 1492 526 1522 mortuorum
553 1500 634 1522 cum
651 1492 737 1522 nota
754 1499 794 1522 ac
812 1486 923 1522 eciam
949 1491 1031 1533 post
1048 1487 1245 1533 quemlibet
1262 1487 1443 1523 dictorum
1461 1488 1601 1524 dierum
1620 1491 1719 1526 omni
1744 1504 1838 1527 anno

305 1549 533 1584 celebrabunt
546 1562 657 1584 unum
671 1548 861 1597 trigentale
874 1548 1045 1583 videlicet
1058 1548 1210 1595 triginta
1223 1549 1349 1584 missas
1366 1550 1404 1585 in
1422 1555 1556 1586 secreto
1568 1564 1633 1599 pro
1652 1553 1839 1589 animabus

306 1611 594 1646 excellentissimi
622 1610 793 1658 principis
813 1610 837 1645 J
839 1609 939 1645 acobi
960 1609 1147 1645 Scotorum
1163 1611 1256 1658 regis
1274 1611 1506 1647 illustrissimi
1524 1618 1560 1648 et
1579 1614 1723 1650 domine
1740 1615 1837 1651 Mar—

306 1677 425 1720 garete
442 1672 564 1720 regine
582 1672 657 1707 eius
684 1672 855 1707 consortis
871 1671 1133 1719 liberorumque
1151 1672 1344 1708 eorundem
1370 1678 1633 1710 antecessorum
1651 1681 1687 1711 et
1700 1689 1838 1713 succes-

306 1747 426 1769 sorum
438 1746 563 1781 regum
582 1733 701 1769 Scocie
714 1745 852 1768 necnon
869 1745 932 1780 pro
951 1733 1138 1768 animabus
1152 1733 1245 1769 dicte
1259 1734 1410 1771 Isabelle
1424 1737 1607 1784 patrisque
1621 1739 1746 1774 matris
1761 1740 1837 1775 eius

307 1808 348 1831 ac
366 1795 551 1831 animabus
565 1795 708 1842 Patricij
725 1795 872 1842 Lyoune
890 1794 1026 1830 domini
1052 1794 1226 1830 Glammis
1253 1800 1289 1831 et
1316 1796 1468 1848 Grilberti
1494 1798 1684 1848 Kennydy
1701 1801 1839 1838 domini

308 1857 466 1893 eiusdem
481 1870 690 1904 sponsorum
703 1869 847 1892 suorum
860 1857 1030 1892 heredum
1044 1862 1079 1892 et
1096 1857 1288 1893 liberorum
1302 1859 1495 1894 eorundem
1514 1873 1554 1896 ac
1573 1862 1734 1899 omnium
1751 1864 1839 1901 fide-

306 1920 397 1955 lium
423 1919 670 1954 defunctorum
687 1919 820 1955 Verum
838 1919 949 1954 eciam
975 1918 1064 1954 dicti
1087 1919 1184 1966 prior
1201 1924 1237 1955 et
1254 1925 1451 1956 conventus
1475 1921 1609 1959 facient
1626 1937 1838 1973 campanam

307 1981 509 2016 manualem
536 1981 630 2016 dicte
655 1980 741 2015 ville
769 1980 813 2015 de
838 1979 910 2015 Are
936 1980 975 2015 111
998 1980 1123 2028 vigilia
1145 1980 1349 2017 huiusmodi
1375 1983 1698 2022 anniversariorum
1723 1988 1839 2026 facere

307 2043 447 2091 pulsare
468 2042 731 2078 exhortandum
756 2042 929 2090 populum
946 2046 989 2077 ut
1007 2047 1109 2078 orent
1126 2055 1191 2090 pro
1209 2043 1329 2079 anima
1346 2044 1441 2081 dicte
1467 2046 1620 2084 Isabelle
1638 2055 1674 2085 et
1692 2063 1839 2088 suorum

308 2117 517 2152 sponsorum
534 2105 774 2153 predictorum
792 2109 828 2140 et
845 2104 1051 2140 huiusmodi
1069 2104 1245 2153 obsequiis
1262 2106 1431 2143 intersint
1469 2109 1621 2158 Insuper
1638 2119 1840 2161 appunctu-

307 2172 408 2202 atum
434 2172 470 2202 et
496 2167 750 2203 concordatum
777 2171 830 2202 est
855 2167 948 2202 inter
965 2166 1079 2202 dictas
1104 2172 1224 2215 partes
1241 2169 1339 2216 quod
1357 2169 1446 2206 dicti
1471 2172 1568 2219 prior
1585 2178 1622 2209 et
1640 2182 1840 2214 conventus

305 2229 539 2265 infeodabunt
555 2230 706 2265 tercium
723 2228 1003 2264 anniversarium
1029 2228 1074 2264 de
1098 2229 1202 2265 terris
1225 2231 1301 2267 sive
1327 2233 1456 2269 annuis
1482 2235 1684 2273 redditibus
1708 2239 1838 2276 suffici-

307 2291 447 2327 entibus
470 2292 627 2327 emendis
653 2292 838 2327 annuatim
863 2296 945 2339 post
962 2296 1115 2328 mortem
1141 2292 1236 2329 dicte
1254 2294 1406 2331 Isabelle
1423 2296 1462 2332 in
1489 2297 1547 2334 die
1574 2300 1649 2335 eius
1672 2301 1838 2340 decessus

308 2353 557 2389 celebrandum
584 2367 648 2402 pro
675 2354 861 2390 animabus
888 2355 1137 2402 suprascriptis
1167 2357 1274 2392 modo
1300 2358 1462 2406 predicto
1489 2365 1525 2396 et
1552 2362 1721 2399 continue
1747 2365 1840 2402 illud

307 2415 535 2451 sustinebunt
570 2429 614 2452 ex
648 2429 688 2452 eo
722 2416 818 2464 quod
860 2416 957 2452 dicta
999 2416 1152 2453 Isabella
1190 2431 1279 2466 pure
1323 2426 1361 2457 et
1404 2422 1616 2471 simpliciter
1656 2426 1758 2463 dedit
1802 2435 1839 2466 et

307 2478 504 2525 assignavit
521 2478 654 2514 eisdem
680 2478 772 2514 bona
790 2478 991 2527 subscripta
1007 2479 1170 2516 videlicit
1191 2494 1254 2517 sex
1279 2482 1389 2520 boves
1416 2483 1566 2522 arabiles
1592 2489 1752 2535 precium
1778 2505 1840 2529 sex

307 2538 477 2574 librarum
496 2545 649 2587 quatuor
667 2540 800 2577 celdras
825 2555 1019 2578 avenarum
1044 2543 1204 2591 precium
1230 2546 1408 2583 sexdecim
1434 2560 1634 2586 marcarum
1652 2551 1841 2593 dimidiam
