2130 2962
296 218 335 248 34
550 216 766 248 OHARTERS
789 216 841 247 OF
863 216 947 246 THE
968 214 1117 246 FRIARS
1139 211 1384 244 PREAOHERS
1407 211 1459 242 OF
1481 210 1576 242 AYR.

299 316 381 349 21st
393 312 576 361 February
592 315 736 348 1328-9.
781 310 844 360 (2.)
864 310 1012 347 Charter
1024 309 1075 357 by
1087 308 1222 345 Robert
1231 300 1304 351 'II.‚
1318 305 1420 354 King
1437 304 1478 341 of
1493 304 1605 350 soors,
1618 304 1833 355 confirming

297 375 446 412 Oharter
470 375 521 424 by
537 375 638 424 King
663 374 797 411 Robert
821 374 884 410 the
909 373 1032 416 Bruce,
1049 371 1221 421 granting
1246 374 1284 405 to
1310 368 1372 404 the
1397 367 1495 416 prior
1520 367 1593 403 and
1619 372 1775 404 convent
1796 367 1838 404 of

295 438 358 474 the
385 438 503 474 Friars
529 437 720 474 Preachers
747 437 787 473 of
812 436 890 484 Ayr
917 448 963 471 an
990 435 1145 482 annuity
1173 433 1213 469 of
1235 435 1313 470 „4320
1344 431 1399 467 for
1426 430 1489 466 the
1518 430 1768 467 maintenance
1798 430 1838 467 of

297 501 392 537 their
417 500 548 536 church
573 500 646 536 and
670 500 790 544 house,
810 504 849 535 to
872 498 915 535 be
941 496 1097 546 uplifted
1113 496 1207 532 from
1231 495 1294 531 the
1310 493 1390 530 first
1414 497 1513 529 rents
1540 492 1580 528 of
1601 492 1664 528 the
1681 493 1777 529 mills
1798 493 1839 529 of

297 563 358 599 the
384 563 472 612 king
493 563 565 599 and
589 562 644 598 his
661 561 778 610 burgh
796 561 835 597 of
849 560 934 608 Ayr.
987 559 1107 595 Dated
1127 563 1166 595 at
1183 558 1320 594 Girvan
1337 557 1374 592 in
1401 555 1538 599 Oarrik‚
1559 555 1624 590 6th
1649 554 1835 603 February

301 628 459 667 1328-9;
490 623 683 660 confirmed
701 628 739 659 at
761 622 839 670 Ayr
858 621 930 657 22d
955 620 1108 657 October
1128 621 1233 658 1376.
1288 618 1362 655 The
1387 617 1566 667 principa]
1584 617 1834 654 confirmation

297 687 328 723 is
347 687 455 723 dated
472 691 510 723 at
528 686 651 730 Scene,
673 685 761 721 12th
778 684 904 721 March
925 686 1069 720 1390-1.

302 931 359 965 23.
392 927 548 965 C'harter
574 926 618 974 by
642 925 758 973 Huyh
791 924 950 961 Wallace
976 923 1020 970 <ff
1042 922 1164 971 C'rayy
1182 928 1215 958 to
1233 922 1289 958 the
1306 920 1442 958 Friars
1458 920 1663 957 Preachers
1680 921 1725 969 of
1741 921 1834 970 ΑΨ,

449 989 494 1037 qs
510 1001 561 1025 αη
578 986 746 1035 Annuity
763 986 808 1034 <ff
825 990 846 1022 4
866 985 952 1022 bolls
969 985 1013 1033 of
1030 984 1132 1020 white
1150 991 1238 1029 oats,
1259 997 1300 1020 or
1322 988 1393 1020 133.
1416 983 1489 1028 4d.‚
1509 989 1570 1019 out
1587 983 1631 1031 qf
1648 983 1705 1020 his
1724 984 1832 1022 Zands

448 1050 492 1098 qf
505 1047 771 1098 Orayy.—[9th
787 1048 980 1094 February
1001 1045 1167 1096 1397-8.]

375 1164 550 1201 Omnibus
575 1163 643 1198 hoc
668 1162 842 1210 scriptum
859 1161 990 1197 visuris
1015 1161 1073 1197 vel
1099 1160 1277 1197 audituris
1304 1160 1414 1209 Hugo
1432 1159 1577 1196 Walas¹
1599 1160 1767 1197 dominus
1792 1161 1836 1198 de

300 1227 464 1275 Oragyne
490 1225 643 1261 salutem
662 1224 702 1260 in
719 1224 873 1259 Domino
894 1223 1148 1271 sempiternam
1168 1222 1352 1259 Noveritis
1374 1235 1431 1258 me
1450 1223 1608 1259 caritatis
1632 1224 1770 1260 intuitu
1797 1237 1837 1260 ac

300 1302 363 1337 pro
393 1288 508 1324 salute
525 1287 642 1323 anime
659 1298 737 1322 mee
753 1290 946 1334 parentum
975 1297 1136 1321 meorum
1153 1297 1397 1321 successorum
1425 1290 1462 1321 et
1481 1286 1644 1322 omnium
1677 1285 1839 1322 fidelium

301 1351 551 1387 defunctorum
577 1349 717 1385 dedisse
748 1347 959 1384 concessisse
986 1352 1022 1383 et
1051 1347 1118 1383 hoc
1152 1347 1311 1395 presenti
1341 1347 1474 1395 scripto
1505 1360 1585 1383 meo
1615 1361 1680 1396 pro
1710 1360 1768 1384 me
1802 1353 1839 1385 et

301 1413 489 1450 heredibus
514 1412 602 1448 meis
628 1412 893 1459 imperpetuum
910 1410 1136 1446 confirmasse
1154 1410 1232 1446 Deo
1259 1415 1295 1446 et
1320 1410 1425 1446 beate
1451 1410 1627 1445 Katerine
1643 1410 1778 1459 virgini
1803 1415 1839 1447 et

302 1475 467 1512 omnibus
480 1474 611 1510 sanctis
624 1486 762 1510 necnon
775 1472 882 1520 priori
901 1477 938 1508 et
956 1473 1150 1508 conventui
1163 1472 1291 1508 domus
1313 1472 1483 1508 Fratrum
1507 1472 1777 1508 Predicatorum
1795 1473 1839 1509 de

302 1538 374 1574 Are
390 1537 525 1573 ibidem
546 1536 623 1572 Deo
642 1541 678 1572 et
704 1535 806 1572 beate
834 1534 1008 1570 Katerine
1036 1534 1275 1570 servientibus
1303 1539 1340 1570 et
1360 1535 1628 1582 imperpetuum
1656 1535 1840 1571 servituris

303 1604 456 1648 quatuor
476 1598 587 1635 bollas
611 1598 724 1633 farine
744 1597 823 1632 albe
850 1608 1043 1632 avenarum
1069 1596 1115 1631 ad
1138 1596 1429 1632 emendacionem
1448 1596 1581 1633 fabrice
1603 1602 1640 1633 et
1663 1602 1840 1634 sustenta-

304 1662 442 1698 cionem
459 1660 651 1696 eorundem
669 1658 857 1695 annuatim
874 1658 918 1694 de
932 1658 1035 1693 terris
1052 1658 1141 1693 meis
1159 1658 1204 1694 de
1219 1658 1369 1707 Cragine
1386 1659 1559 1695 levandas
1572 1660 1632 1696 vel
1644 1672 1709 1708 pro
1727 1661 1840 1709 quali-

304 1724 365 1760 bet
382 1722 478 1759 bolla
495 1722 542 1757 xl.
563 1721 724 1757 denarios
742 1733 881 1756 summa
901 1720 1024 1756 totalis
1041 1720 1191 1768 pecunie
1208 1721 1400 1757 tresdecim
1420 1722 1614 1758 solidorum
1634 1728 1671 1759 et
1688 1728 1843 1771 quatuor

305 1784 531 1821 denariorum
544 1783 683 1831 argenti
696 1782 742 1818 ad
759 1782 891 1819 festum
905 1782 1007 1818 beate
1021 1782 1196 1818 Katerine
1209 1783 1361 1831 virginis
1375 1784 1466 1820 dicti
1480 1790 1681 1821 conventus
1691 1790 1841 1834 patrone

306 1847 381 1883 sine
398 1845 560 1881 ulteriori
577 1844 751 1880 dilacione
769 1845 980 1892 excepcione
997 1844 1272 1893 prolongacione
1295 1846 1530 1883 renovacione
1557 1847 1843 1897 quibuscumque

306 1908 495 1945 annuatim
519 1912 562 1943 ut
585 1907 781 1955 predicitur
797 1907 967 1954 predictis
984 1907 1095 1954 priori
1118 1911 1155 1942 et
1179 1908 1375 1944 conventui
1396 1909 1569 1945 solvenda
1596 1909 1783 1947 Tenendas
1807 1916 1844 1948 et

306 1969 487 2006 habendas
507 1968 684 2017 predictas
702 1973 856 2017 quatuor
872 1969 986 2005 bollas
1004 1968 1117 2004 farine
1135 1969 1214 2005 albe
1231 1969 1290 2005 vel
1311 1970 1510 2007 defficiente
1531 1972 1647 2009 farina
1664 1986 1844 2010 summam

306 2031 503 2080 predictam
520 2030 625 2067 dictis
645 2031 755 2079 priori
773 2036 809 2067 et
831 2031 1025 2067 conventui
1041 2031 1080 2066 in
1099 2044 1227 2079 puram
1253 2036 1290 2067 et
1310 2038 1523 2080 perpetuam
1550 2034 1782 2072 elemosinam
1799 2037 1845 2073 de

306 2107 364 2130 me
382 2098 419 2130 et
435 2092 624 2129 heredibus
641 2093 729 2129 meis
747 2093 824 2129 sine
841 2093 1128 2129 contradiccione
1145 2093 1292 2142 aliquali
1335 2094 1394 2130 Ita
1410 2095 1522 2132 libere
1540 2097 1664 2145 quiete
1686 2098 1844 2147 plenarie

306 2157 397 2193 bene
415 2161 451 2192 et
467 2156 506 2191 in
526 2167 613 2203 pace
630 2155 723 2190 sicut
743 2155 863 2203 aliqua
881 2155 1072 2191 elemosina
1093 2155 1200 2191 alicui
1221 2157 1417 2193 conventui
1435 2158 1494 2194 vel
1511 2159 1688 2208 religiosis
1706 2161 1745 2197 in
1764 2166 1844 2198 toto

307 2232 415 2268 regno
450 2218 569 2255 Scocie
599 2217 706 2253 datur
739 2217 814 2254 sive
848 2217 1055 2253 conceditur
1089 2231 1110 2253 a
1144 2231 1358 2267 quocunque
1401 2219 1582 2258 Faciendo
1616 2235 1681 2271 pro
1716 2237 1774 2260 me
1809 2229 1846 2261 et

307 2280 495 2318 heredibus
528 2280 617 2316 meis
651 2279 834 2328 predictus
867 2280 963 2328 prior
997 2284 1033 2316 et
1067 2285 1267 2317 conventus
1301 2282 1365 2330 qui
1398 2295 1462 2331 pro
1505 2289 1667 2333 tempore
1708 2286 1846 2324 fuerint

309 2343 589 2380 anniversarium
616 2342 807 2378 dumtaxat
834 2355 916 2378 cum
942 2341 1048 2390 pleno
1067 2342 1216 2379 servicio
1235 2343 1334 2380 chori
1350 2349 1526 2394 tanquam
1552 2360 1618 2396 pro
1636 2349 1692 2385 sui
1710 2350 1846 2387 ordinis

309 2405 483 2441 confratre
512 2404 669 2453 professo
695 2409 737 2441 ut
769 2409 824 2440 est
852 2404 960 2441 moris
994 2417 1034 2440 ac
1060 2404 1182 2441 literas
1211 2406 1516 2446 confraternitatis
1546 2410 1586 2447 in
1619 2411 1735 2448 forma
1765 2426 1846 2450 cum

399 2511 410 2527 1
425 2507 491 2534 This
506 2507 591 2543 Hugh
604 2506 722 2534 Wassace
736 2506 799 2533 does
812 2508 861 2533 not
874 2514 973 2541 appear
985 2505 1016 2532 in
1029 2505 1077 2533 the
1091 2506 1219 2542 ordinary
1232 2507 1400 2544 genealogies
1414 2510 1444 2537 of
1455 2510 1502 2538 the
1517 2511 1623 2548 Craigie
1637 2513 1753 2550 Family.
