2130 2962
291 182 386 213 xxxiv
949 162 1172 209 APPENDIX.

293 275 395 311 nauit
415 278 458 312 18
478 275 658 324 Februarij
680 287 772 311 anno
802 274 907 310 1587.
963 270 1236 318 Oatholicosque
1262 281 1396 313 omnes,
1415 269 1582 317 plurimis
1608 281 1731 305 eorum
1748 264 1838 304 diri's

294 338 478 387 supplicijs
495 338 648 382 traditis,
667 336 832 386 persequi
848 347 1034 384 nunquam
1051 332 1205 370 destitit.
1259 330 1383 380 Atque
1400 331 1452 367 ita
1465 330 1603 367 factum
1621 335 1676 367 est
1693 335 1736 366 vt
1753 341 1837 366 cum

295 400 397 437 Fidei
415 401 607 438 Catholicae
626 400 807 437 euersione
821 399 910 436 haec
928 409 1072 447 quoque
1089 394 1280 432 Prouincia
1297 393 1407 430 fuerit
1424 393 1464 429 in
1482 392 1617 430 Ordine
1635 392 1788 429 sublata.

988 584 1055 621 No.
1078 584 1126 620 ΙΙ.

731 699 818 736 ΤΙΤ.
842 701 920 735 130.
973 696 1214 734 OANDIDAE
1237 694 1399 733 OASAE.¹

297 798 337 835 P.
369 798 407 835 F.
438 798 554 834 ADAM
584 809 632 834 DE
662 797 806 841 Soom,
827 796 1007 834 candidae
1034 796 1135 833 Oasae
1160 795 1357 832 Ecclesiam
1373 793 1624 843 Episcopalem
1650 793 1689 829 in
1716 792 1838 829 Scotia

298 860 510 896 existentem
536 860 727 909 regendam
745 860 904 896 obtinuit
922 859 966 895 ab
984 858 1130 896 Vrbano
1147 858 1204 903 V.‚
1226 863 1270 895 15
1295 857 1378 895 Kal.
1399 856 1567 894 Decemb.
1589 868 1684 892 anno
1710 855 1837 891 milles.

296 923 543 959 trecentesimo
574 923 791 971 sexagesimo
820 922 929 958 tertio
956 921 1188 970 pontificatus
1216 921 1272 957 sui
1300 925 1335 965 2,
1363 923 1473 969 prout
1506 918 1591 954 libri
1620 917 1838 966 prouisionis

296 984 531 1020 Praelatorum
549 985 707 1020 eiusdem
723 985 828 1021 Pont.
857 984 954 1032 Max.
973 989 1155 1021 testantur
1180 983 1224 1020 de
1251 996 1322 1032 quo
1347 995 1414 1019 nec
1430 980 1584 1017 verbum
1608 980 1756 1029 quidem
1783 985 1839 1017 est

296 1046 392 1094 apud
413 1046 495 1084 Ord.
514 1046 718 1095 Scriptores,

838 1133 926 1171 TIT.
949 1134 1031 1171 537.
1082 1132 1294 1169 SOOTIAE.2

295 1234 423 1270 PATER
456 1234 514 1271 Fr.
553 1234 715 1270 Clemens
749 1234 889 1283 Anglus
929 1247 972 1270 ex
1006 1234 1207 1282 Anglicana
1240 1233 1426 1282 prouincia
1459 1232 1505 1269 ab
1539 1232 1727 1269 Innocetio
1762 1232 1838 1276 IV„

296 1301 433 1332 creatus
462 1302 515 1332 est
545 1296 742 1344 Episcopus
770 1296 909 1340 Scotiae,
928 1297 1028 1332 cuius
1058 1296 1102 1332 fit
1136 1296 1273 1332 mentio
1307 1296 1346 1332 in
1380 1295 1483 1331 Actis
1519 1295 1636 1344 Capit.
1671 1294 1836 1332 General.

295 1357 488 1403 Londonis,
508 1371 601 1394 anno
622 1362 716 1395 1250
737 1359 914 1402 celebrati,
933 1359 972 1394 in
997 1359 1093 1394 hunc
1119 1359 1239 1395 modu.
1258 1372 1265 1395 ε
1294 1361 1314 1376 “
1327 1358 1566 1395 Concedimus
1585 1357 1625 1394 F.
1646 1357 1838 1401 Clementi,

297 1420 379 1457 Ord.
399 1421 514 1457 nostri
538 1410 714 1469 Episcopo
742 1421 881 1457 Scotiae
907 1425 990 1468 post
1017 1425 1172 1457 mortem
1198 1433 1309 1456 vnam
1336 1421 1484 1457 missam
1510 1433 1575 1469 per
1603 1420 1789 1464 Ordinem,
1817 1420 1840 1456 ὲ,

297 1483 456 1531 quolibet
474 1483 597 1519 Fratre
616 1483 814 1526 Sacerdote,
835 1484 865 1518 δι
882 1483 921 1518 111
938 1483 1128 1519 Prouincia
1144 1482 1288 1531 Angliae
1308 1483 1373 1519 fiat
1399 1496 1466 1531 pro
1490 1496 1542 1527 eo,
1562 1483 1660 1532 quod
1676 1496 1743 1532 pro
1769 1483 1841 1520 alio

296 1542 453 1581 Fratre.'⁷

974 1656 1042 1693 No.
1072 1657 1155 1694 III.·⁰’

587 1767 720 1803 DEED
748 1767 809 1803 OF
837 1766 1141 1813 EXOAMBION,
1170 1768 1226 1804 IN
1252 1769 1403 1807 APRIL
1435 1772 1541 1809 1477.

547 1841 769 1878 PRESERVED
795 1853 836 1877 IN
861 1852 937 1877 THE
962 1842 1099 1878 BURGH
1127 1843 1252 1880 Coum·
1278 1844 1383 1882 Boox
1410 1857 1455 1882 or
1481 1846 1579 1884 AYR.

303 1942 424 1978 CURIA
447 1941 608 1989 capitalis
625 1941 731 1990 burgi
756 1941 800 1977 dc
826 1941 898 1977 Are
916 1942 955 1977 in
972 1947 1084 1990 septO.
1105 1948 1196 1980 tent,
1217 1957 1335 1981 coram
1353 1946 1378 1982 J
1379 1946 1489 1983 acobo
1508 1947 1613 1985 Blare
1632 1949 1841 1989 aldermano

302 2004 326 2039 J
328 2004 419 2039 ohne
452 2003 582 2039 Brown
612 2008 648 2039 et
678 2003 702 2039 J
703 2003 795 2039 ohne
821 2003 925 2040 Stcill
950 2003 1100 2053 bailyeis
1122 2006 1186 2041 xxi
1211 2006 1269 2043 die
1294 2009 1426 2045 mensis
1452 2009 1590 2059 Aprilis
1620 2025 1715 2049 anno
1742 2013 1837 2051 dom.

302 2066 326 2102 J
327 2079 364 2101 m
373 2066 447 2113 iiijc
457 2065 584 2113 lxxvij,
598 2078 643 2113 ye
658 2066 783 2113 quhilk
796 2066 868 2114 day
880 2066 910 2102 it
923 2079 995 2102 was
1009 2068 1175 2115 apoyntit
1193 2070 1376 2107 concordit
1395 2073 1424 2108 &
1438 2072 1567 2122 fullely
1585 2075 1687 2112 endit
1704 2075 1841 2113 betwix

303 2128 432 2164 worthi
444 2140 527 2163 men
544 2133 608 2175 yat
626 2127 656 2163 is
672 2133 710 2164 to
736 2140 800 2176 say
816 2141 862 2176 ye
886 2128 942 2164 for
966 2130 1118 2178 writtyn
1144 2130 1327 2168 alderman
1352 2133 1504 2183 bailyeis
1531 2137 1561 2172 &
1587 2139 1785 2176 comunitie
1806 2140 1847 2177 of

304 2202 350 2237 ye
367 2189 444 2225 said
460 2189 576 2237 burgh
594 2202 640 2225 on
656 2202 701 2237 ye
718 2195 756 2226 ta
772 2196 853 2238 part
871 2191 943 2227 and
960 2204 981 2227 a
1006 2192 1135 2232 worthi
1160 2193 1343 2243 Religious
1368 2209 1455 2233 man
1477 2198 1507 2235 F
1507 2212 1565 2235 rer
1581 2200 1710 2238 Patrik
1727 2202 1843 2252 Pulty

305 2251 432 2288 Priour
449 2251 489 2287 of
501 2264 547 2299 ye
564 2252 667 2287 Frers
685 2252 880 2289 Prechours
898 2253 937 2291 of
952 2254 1062 2291 Sanct
1084 2255 1231 2304 Katryn
1257 2258 1286 2294 δι
1312 2258 1369 2294 his
1396 2267 1561 2299 conwent
1585 2276 1633 2299 on
1649 2277 1696 2312 ye
1713 2265 1844 2303 todder

305 2410 335 2437 Μ
343 2365 503 2438 Ὀέῗαὲᾟηῖι
518 2366 657 2393 Theatrum
670 2366 883 2396 Dominicanum.
917 2369 1117 2397 Ooncinnatum
1132 2369 1148 2396 ὲ.
1162 2370 1190 2398 P.
1201 2370 1273 2408 Mag.
1286 2372 1316 2400 F.
1326 2373 1473 2403 Vincentio
1484 2376 1573 2406 Maria
1583 2378 1717 2408 pontana·
1745 2381 1842 2410 Romae

337 2431 342 2437 .
393 2431 398 2437 .
493 2431 499 2437 .
512 2419 538 2445 p.
553 2413 618 2437 154.

398 2451 408 2467 ²
430 2456 501 2483 Ibid.
516 2465 542 2492 p.
561 2458 626 2484 292.
942 2459 951 2474 ³
973 2460 1055 2488 From
1069 2462 1116 2490 the
1130 2465 1317 2501 unpubh'shed
1330 2471 1408 2497 notes
1422 2470 1452 2498 of
1464 2471 1516 2500 Mr.
1530 2472 1646 2510 Murray
1660 2474 1748 2511 Lyon.
