2130 2962
556 195 774 227 CHARTERS
797 197 849 228 OF
872 196 955 227 THE
978 195 1127 227 FRIARS
1150 185 1392 230 PREAOHERS
1416 200 1467 231 OF
1488 201 1581 233 AYR.
1795 205 1812 236 7
1817 207 1834 235 5

298 288 570 326 Predicatorum
588 289 633 326 de
659 289 745 328 Aire
771 290 915 338 suisque
933 290 1194 327 successoribus
1212 296 1249 327 et
1267 294 1563 331 conventualibus
1589 295 1747 333 eiusdem
1767 298 1836 334 loci

297 352 565 401 imperpetuum
578 365 642 401 per
652 353 890 389 tradicionem
907 353 1014 389 unius
1031 352 1165 402 denarij
1189 358 1232 390 ut
1248 355 1357 391 moris
1368 360 1422 392 est
1439 357 1537 394 salvo
1551 358 1631 406 jure
1649 360 1836 396 cuiuslibet

298 415 348 451 Et
376 415 445 452 hoc
469 428 535 464 pro
564 420 739 464 perpetuo
776 415 1020 452 anniversario
1054 415 1173 464 fiendo
1203 428 1267 464 per
1300 423 1516 456 conventum
1550 421 1638 458 dicti
1670 420 1751 459 loci¹
1772 436 1837 471 pro

300 478 487 515 animabus
505 478 689 526 quondam
705 478 730 514 J
732 478 883 514 ohannis
901 478 1078 514 Orausurd
1096 483 1132 514 et
1149 478 1173 514 J
1174 484 1278 515 onete
1296 479 1485 517 Merschell
1502 483 1710 532 coniugibus
1728 485 1782 521 De
1801 491 1837 522 et

300 554 407 590 super
432 540 564 589 quibus
590 540 757 585 omnibus
776 545 812 577 et
838 540 990 589 singulis
1015 541 1196 589 premissis
1218 542 1329 590 peciit
1354 543 1513 590 prefatus
1536 546 1633 592 prior
1656 559 1719 594 pro
1737 560 1774 583 se
1800 553 1837 584 et

301 617 366 641 suo
383 608 565 640 conventu
582 617 698 640 unum
720 608 784 639 aut
800 603 904 651 plura
928 603 1211 640 instrumentum
1227 605 1287 640 vel
1312 605 1551 642 instrumenta
1567 607 1750 655 publicum
1775 622 1837 646 seu

300 667 444 716 publica
462 666 530 703 sibi
546 680 611 715 per
623 680 682 703 me
698 666 882 702 notarium
894 665 1079 714 publicum
1092 666 1333 715 subscriptum
1350 668 1433 704 inde
1451 668 1525 717 fierj
1545 668 1639 706 Acta
1656 676 1756 707 erant
1772 672 1837 708 hec

302 742 408 778 super
425 729 542 765 solum
568 729 659 765 dicti
675 729 877 765 tenementi
902 728 990 764 hora
1007 728 1198 765 undecima
1215 734 1299 766 ante
1325 730 1510 767 meridiem
1526 731 1585 767 vel
1602 744 1643 767 eo
1661 733 1752 768 circa
1772 734 1837 770 sub

302 805 395 829 anno
420 805 542 828 mense
568 792 626 828 die
656 791 857 828 indiccione
883 796 920 827 et
937 791 1153 839 pontificatu
1170 792 1301 840 quibus
1327 805 1435 841 supra
1454 793 1679 841 presentibus
1703 795 1838 831 ibidem

302 854 325 891 J
327 855 466 891 ohanne
483 854 684 902 Dalrimple
701 854 777 890 filio
794 853 960 902 perprius
979 853 1109 902 Gavinj
1130 854 1268 890 Thoma
1292 854 1480 902 M‘eroye
1505 855 1659 904 Hugone
1684 856 1843 892 Rolland·

303 917 483 954 Willelmo
513 917 635 954 Nicoll
660 916 798 952 seniore
824 921 861 952 et
886 916 1025 965 Rogero
1053 915 1228 952 Schankis
1255 929 1337 953 cum
1359 917 1485 953 multis
1511 918 1589 954 aliis
1613 918 1767 955 testibus
1792 919 1838 955 ad

302 981 473 1029 premissa
489 980 627 1016 vocatis
644 980 779 1028 pariter
795 983 833 1015 et
849 979 994 1027 rogatis.

377 1045 426 1080 Et
444 1055 510 1092 ego
528 1055 615 1079 vero
632 1041 659 1078 J
661 1041 792 1078 acobus
818 1041 1016 1077 Prestoune
1034 1041 1180 1078 clericus
1207 1040 1438 1090 Glasguensis
1456 1042 1604 1078 diocesis
1622 1055 1719 1078 sacra
1736 1055 1838 1090 apos-

451 1105 560 1142 tolica
570 1117 611 1141 ac
621 1104 721 1153 regia
731 1103 1005 1140 auctoritatibus
1016 1104 1177 1139 notarius
1187 1104 1352 1152 publicus
1367 1103 1445 1153 (etc.
1457 1105 1495 1140 in
1506 1104 1619 1141 forma
1629 1103 1835 1153 communi).

966 1227 1169 1265 ABsTRAcr.

378 1308 513 1351 Sasine,
531 1306 748 1355 proceeding
773 1317 820 1340 on
845 1302 1066 1352 resignation
1091 1302 1142 1350 by
1160 1302 1279 1339 Gavin
1296 1303 1504 1351 Dalrimple,
1522 1303 1669 1352 burgess
1687 1304 1727 1340 of
1745 1304 1834 1353 Ayr,

303 1372 342 1408 in
358 1371 421 1408 the
437 1370 554 1407 hands
572 1370 612 1406 of
626 1367 835 1405 Alexander
851 1367 1028 1414 Boyman,
1050 1364 1168 1409 bailie,
1188 1365 1228 1401 of
1242 1378 1288 1401 an
1306 1366 1521 1402 annualrent
1539 1366 1579 1402 of
1600 1366 1655 1402 six
1672 1367 1836 1415 shillings

304 1434 376 1471 and
405 1433 616 1483 eightpence
641 1431 735 1467 from
759 1430 823 1466 the
848 1431 1033 1465 tenement
1059 1426 1099 1463 of
1121 1426 1274 1463 Thomas
1299 1428 1495 1476 M‘eroye,
1525 1428 1682 1464 situated
1710 1428 1747 1464 in
1773 1429 1844 1465 the*

305 1496 485 1545 Sandgate
503 1495 543 1532 of
557 1495 645 1542 Ayr,
664 1493 828 1529 between
844 1491 906 1527 the
922 1493 1108 1526 tenement
1126 1489 1167 1525 of
1178 1489 1241 1525 the
1258 1489 1427 1526 deceased
1447 1490 1606 1526 Mathew
1625 1490 1782 1527 Wallace
1799 1491 1840 1527 of

305 1559 418 1607 Crago
444 1571 490 1594 on
506 1558 570 1594 the
591 1556 710 1600 south,
730 1554 803 1591 and
819 1553 903 1590 that
920 1552 959 1588 of
973 1551 1120 1587 Patrick
1136 1550 1288 1588 Achlare
1307 1565 1353 1588 on
1370 1552 1433 1588 the
1450 1552 1567 1597 north,
1585 1552 1624 1588 in
1649 1552 1774 1589 favour
1799 1553 1839 1589 of

303 1621 365 1658 the
394 1621 481 1657 friar
506 1619 620 1668 Hugh
646 1619 815 1665 Ramsay,
846 1615 945 1664 prior
972 1613 1012 1649 of
1037 1613 1100 1649 the
1130 1612 1248 1649 Friars
1278 1614 1469 1650 Preachers
1498 1614 1537 1650 of
1563 1614 1650 1662 Ayr,
1678 1615 1750 1651 and
1779 1615 1835 1651 his

304 1696 510 1727 successors,
528 1682 584 1718 for
609 1695 630 1717 a
654 1679 842 1729 perpetual
867 1677 1099 1723 anniversary
1119 1680 1157 1711 to
1183 1675 1227 1712 be
1252 1676 1330 1712 said
1354 1676 1405 1724 by
1429 1676 1490 1712 the
1516 1682 1670 1713 convent
1693 1677 1749 1713 sor
1773 1677 1835 1713 the

303 1747 398 1783 souls
424 1745 464 1782 of
484 1745 548 1781 the
574 1743 745 1780 deceased
769 1742 867 1778 John
893 1737 1070 1777 Craufurd
1096 1738 1167 1774 and
1187 1738 1211 1774 J
1212 1743 1297 1775 anet
1314 1738 1485 1775 Marshall
1501 1738 1557 1774 his
1574 1739 1665 1775 wife.
1717 1739 1837 1776 Dated

306 1810 393 1846 14th
412 1808 566 1845 October
585 1809 690 1843 1508.

330 1963 386 1997 51.
414 1958 443 1995 I
440 1961 646 1995 nstrumem
663 1968 709 1992 on
727 1954 785 1991 the
808 1951 1076 1990 Renunciation
1096 1951 1140 1999 by
1160 1950 1314 1987 Thomas
1330 1949 1456 1996 Layse,
1474 1946 1592 1984 Friar
1608 1947 1742 1991 Mamor,
1766 1948 1810 1996 of

648 2016 869 2066 hisfather's
886 2013 1137 2063 lands.—[4th
1154 2013 1345 2059 February
1364 2009 1489 2059 1509.]

377 2109 420 2145 In
438 2108 508 2145 Dei
525 2106 673 2143 nomine
690 2105 809 2141 Amen
825 2118 832 2140 :
864 2103 934 2140 Per
950 2102 1017 2138 hoc
1033 2112 1179 2149 presens
1196 2098 1381 2147 publicum
1398 2098 1678 2133 instrumentum
1695 2097 1834 2133 cunctis

301 2176 425 2221 pateat
458 2170 647 2208 evidenter
684 2167 783 2216 quod
816 2179 912 2203 anno
945 2162 1204 2201 incarnacionis
1246 2160 1435 2197 Dominice
1468 2159 1688 2207 myllessimo
1727 2159 1831 2207 quin-

300 2234 518 2285 gentessimo
536 2245 632 2269 nono
650 2230 709 2267 die
725 2242 812 2265 vero
830 2228 964 2265 mensis
988 2225 1174 2263 Fabruarii
1199 2227 1325 2272 quarto
1351 2221 1551 2258 indiccione
1569 2222 1707 2257 decima
1723 2222 1833 2263 tercia

300 2297 535 2347 pontificatus
565 2292 784 2331 sanctissimi
813 2292 852 2327 in
882 2289 1017 2327 Christi
1050 2287 1163 2336 patris
1193 2298 1234 2322 ac
1264 2284 1401 2321 domini
1429 2284 1544 2319 nostri
1574 2283 1710 2319 domini
1742 2283 1830 2333 Julij

300 2361 424 2398 divina
448 2356 683 2408 providencia
707 2367 801 2403 pape
828 2352 977 2390 secundi
1002 2363 1097 2388 anno
1123 2349 1251 2398 quinto
1303 2347 1347 2382 In
1374 2346 1445 2381 mei
1474 2346 1606 2381 notarii
1634 2345 1770 2393 publici
1796 2351 1833 2383 et

299 2424 449 2461 testium
467 2421 752 2468 subscriptorum
768 2415 1004 2466 personaliter
1021 2411 1211 2450 constituti
1228 2410 1299 2446 duo
1315 2408 1472 2458 religiosi
1497 2408 1657 2457 germani
1681 2421 1833 2457 quorum

299 2500 393 2524 unus
427 2485 585 2522 Thomas
618 2481 827 2519 nominatur
869 2479 959 2515 alter
1000 2488 1085 2513 vero
1119 2472 1281 2510 Andreas
1323 2471 1439 2519 Layse
1480 2470 1663 2519 predictus
1708 2471 1832 2508 eodem
