2130 2962
297 226 335 255 68
555 224 772 255 OHARTERS
795 224 847 255 OF
868 225 952 255 THE
973 223 1123 255 FRIARS
1145 221 1390 253 PREAOHERS
1414 220 1466 251 OF
1487 219 1583 250 AYR.

294 320 372 356 said
389 320 510 368 priour
527 320 600 356 and
617 325 774 357 convent
799 321 859 358 the
888 321 965 357 said
992 319 1132 368 knycht
1156 318 1220 354 has
1247 321 1287 353 to
1314 315 1454 364 hungin
1481 314 1537 350 his
1555 313 1653 362 seyle
1670 314 1742 362 day
1759 313 1838 362 yeir

294 383 366 420 and
383 383 484 431 place
500 383 677 420 foirsaidis
694 383 793 420 befor
809 384 883 420 thir
899 383 1027 419 witnes
1045 381 1175 417 Mastir
1192 378 1313 415 David
1330 377 1539 414 Lewinston
1564 388 1694 424 person
1711 376 1751 412 of
1772 375 1839 412 Air

295 446 451 482 Huchon
468 445 626 482 Wallace
643 446 682 482 of
696 447 758 483 the
777 446 998 484 Smethiston
1015 445 1131 493 deyne
1148 443 1283 479 Robert
1297 440 1477 488 Kennedy
1489 439 1598 475 wicar
1611 438 1651 474 of
1660 438 1839 486 Penpwnt

297 508 399 545 Schir
416 508 541 544 Andro
567 508 781 557 M‘Oormyll
806 509 913 545 wicar
938 508 978 544 of
1001 506 1147 543 Straton
1173 504 1245 541 and
1272 508 1376 540 notar
1404 501 1528 538 Andro
1557 500 1705 536 Tenand
1721 500 1746 536 J
1747 500 1839 537 ohne

294 570 480 619 Brysbane
499 571 571 607 and
588 571 744 608 Richard
761 571 1018 618 Bannochttyn
1034 568 1124 604 with
1142 567 1270 604 wderis
1288 566 1418 602 divers.

294 1096 351 1129 46.
380 1091 616 1140 Resiynation
643 1091 688 1140 by
712 1091 778 1128 Sir
802 1091 902 1128 John
932 1090 1121 1128 Ohalmers
1143 1091 1189 1139 of
1209 1090 1408 1139 Gaityirth,
1427 1092 1471 1140 of
1488 1105 1513 1128 α
1533 1090 1638 1141 piece
1656 1091 1701 1140 of
1718 1091 1838 1129 Waste

358 1153 512 1190 Ground
529 1153 569 1189 in
574 1153 717 1202 favour
733 1153 777 1201 of
787 1154 843 1189 the
860 1153 994 1190 Friars
1011 1154 1214 1191 Preachers
1231 1154 1275 1202 of
1284 1152 1509 1203 Ama—[Vah
1525 1153 1641 1203 April
1662 1153 1788 1204 1501.]

369 1258 414 1294 In
434 1257 503 1294 Dei
528 1256 672 1292 nomine
698 1268 802 1292 amen
829 1255 899 1291 Per
924 1254 992 1291 hoc
1010 1268 1154 1303 presens
1180 1256 1365 1304 publicum
1391 1257 1674 1294 instrumentum
1701 1259 1839 1295 cunctis

293 1325 415 1369 pateat
433 1319 617 1356 evidenter
634 1318 731 1367 quod
749 1330 842 1354 anno
860 1318 1118 1353 incarnacionis
1137 1318 1314 1354 dominice
1332 1319 1522 1356 millesimo
1548 1321 1838 1370 quingentesimo

293 1383 408 1431 primo
447 1381 505 1417 die
539 1393 624 1416 vero
657 1380 789 1415 mensis
830 1379 966 1427 Aprilis
1008 1380 1159 1428 septimo
1201 1381 1401 1417 indiccione
1443 1382 1571 1430 quinta
1604 1383 1839 1431 pontificatus

293 1444 510 1480 sanctissimi
539 1443 578 1478 in
608 1442 750 1478 Christo
780 1442 893 1490 patris
923 1455 963 1478 ac
993 1442 1130 1478 domini
1164 1442 1302 1478 domini
1335 1444 1451 1480 nostri
1484 1445 1682 1481 Alexandri
1712 1446 1839 1482 divina

293 1506 523 1554 providencia
552 1517 644 1553 pape
674 1504 768 1540 sexti
797 1517 891 1540 anno
925 1509 1052 1540 octavo
1087 1509 1123 1540 01
1156 1505 1257 1553 regni
1290 1504 1314 1540 J
1316 1505 1416 1541 acobi
1450 1507 1570 1554 quarti
1599 1508 1693 1556 regis
1723 1508 1838 1544 nostri

293 1566 525 1603 illustrissimi
543 1579 635 1601 anno
662 1566 799 1601 decimo
825 1570 951 1613 quarto
978 1565 1016 1600 in
1034 1566 1105 1601 mei
1121 1566 1249 1614 notarij
1277 1567 1413 1614 publici
1431 1573 1468 1603 01
1484 1568 1633 1605 testium
1659 1570 1836 1618 subscrip-

294 1635 414 1665 torum
455 1628 636 1676 presencia
676 1627 909 1675 personaliter
951 1628 1171 1663 constitutus
1212 1628 1436 1665 honorabiles
1476 1642 1625 1678 persone
1668 1632 1837 1668 dominus

296 1691 319 1726 J
321 1691 477 1726 ohannes
496 1689 679 1725 Ohawmer
696 1689 740 1724 de
757 1689 939 1737 Gatgyrth
956 1689 1058 1725 miles
1076 1694 1112 1725 01
1130 1690 1276 1725 domina
1300 1690 1325 1726 J
1326 1696 1431 1727 oneta
1456 1692 1743 1741 Hammyltoune
1762 1695 1838 1730 eius

297 1765 427 1800 sponsa
455 1750 613 1798 unanimj
647 1763 820 1786 consensu
846 1755 882 1786 et
907 1763 1053 1786 assensu
1079 1757 1301 1788 accesserunt
1324 1753 1370 1788 ad
1395 1766 1497 1789 suam
1526 1760 1668 1791 vastam
1697 1757 1837 1804 peciam

296 1820 390 1850 terre
404 1814 583 1862 jacentem
600 1813 638 1848 in
656 1812 769 1861 burgo
786 1812 831 1848 de
849 1812 933 1848 Aire
950 1813 1045 1848 inter
1062 1813 1252 1849 introitum
1269 1819 1372 1862 porte
1390 1816 1575 1852 anterioris
1593 1817 1639 1852 ad
1653 1819 1838 1855 ecclesiam

296 1876 464 1912 Fratrum
480 1875 748 1911 Predicator'um
766 1874 811 1910 de
828 1874 894 1910 Air
915 1887 959 1910 ex
975 1880 1078 1922 parte
1099 1875 1232 1911 boreali
1250 1888 1293 1911 ex
1313 1881 1416 1924 parte
1436 1890 1509 1913 una
1530 1884 1566 1914 01
1586 1883 1838 1917 tenementum

297 1937 480 1986 quondam
497 1936 639 1972 Andree
656 1936 825 1983 Arcynne
843 1948 887 1972 ex
904 1941 1004 1984 parte
1030 1936 1177 1972 austrah'
1194 1949 1238 1972 ex
1263 1942 1365 1985 parte
1391 1938 1503 1974 altera
1529 1944 1565 1975 et
1590 1941 1642 1977 ibi
1667 1947 1784 1979 totam
1802 1949 1840 1980 01

296 2001 474 2048 integram
490 1999 627 2047 peciam
652 2003 745 2034 terre
770 1998 1002 2045 prescriptam
1028 2011 1109 2033 cum
1134 1999 1363 2046 pertinenciis
1380 2004 1456 2035 tam
1473 2001 1512 2036 in
1528 2001 1647 2043 fronte
1674 2016 1783 2051 quam
1800 2005 1840 2041 in

298 2062 412 2098 cauda
428 2073 490 2109 per
506 2060 611 2096 fustis
630 2064 666 2096 et
681 2059 799 2096 baculi
816 2060 1048 2096 tradicionem
1066 2065 1108 2096 ut
1132 2061 1240 2096 moris
1266 2066 1319 2097 est
1337 2062 1376 2097 in
1393 2063 1559 2099 manibus
1586 2064 1721 2102 Thome
1744 2066 1841 2115 Tayt

297 2123 409 2160 balivi
438 2123 482 2159 de
508 2122 587 2171 Ayr
610 2135 676 2170 pro
705 2127 865 2170 tempore
895 2135 916 2158 a
946 2135 983 2158 se
1009 2126 1045 2158 01
1074 2122 1263 2158 heredibus
1293 2124 1366 2160 suis
1401 2125 1668 2174 imperpetuum
1697 2141 1840 2166 sursum

298 2184 538 2222 reddederunt
570 2196 729 2232 pureque
763 2189 800 2220 01
834 2184 1043 2232 simpliciter
1083 2184 1309 2233 resignarunt
1357 2186 1436 2229 Qua
1469 2188 1711 2237 resignatione
1744 2192 1841 2229 facta

299 2247 459 2295 prefatus
476 2246 629 2282 Thomas
646 2246 739 2294 Tayt
756 2246 910 2282 ballivus
926 2251 968 2282 ut
985 2246 1181 2294 predicitur
1198 2251 1332 2283 statum
1351 2254 1387 2284 01
1405 2250 1573 2286 saisinam
1586 2251 1841 2291 hereditariam

301 2322 340 2345 ac
364 2308 622 2357 possessionem
648 2308 864 2356 corporalem
891 2313 927 2344 et
952 2308 1083 2344 realem
1108 2320 1172 2355 per
1197 2313 1289 2345 terre
1316 2315 1352 2346 ct
1376 2310 1506 2358 lapidis
1532 2314 1767 2352 tradicionem
1798 2322 1841 2353 ut

300 2371 408 2407 moris
436 2369 524 2419 [est]
553 2371 696 2406 nomine
731 2375 768 2406 et
802 2383 846 2406 ex
879 2375 981 2419 parte
1014 2370 1117 2406 beate
1152 2370 1325 2407 Katerine
1358 2373 1509 2422 virginis
1543 2375 1649 2413 fratri
1682 2378 1707 2414 J
1708 2378 1843 2415 ohanni

301 2433 474 2469 Schankis
491 2433 601 2481 priori
618 2433 662 2469 dc
679 2432 757 2481 Ayr
774 2433 964 2481 conventuj
985 2433 1146 2469 eiusdem
1164 2438 1200 2469 et
1218 2447 1340 2471 eorum
1358 2438 1618 2475 successoribus
1644 2441 1842 2478 secundum

300 2495 451 2531 formam
485 2500 521 2531 et
555 2499 714 2531 tenorem
749 2495 933 2531 cuiusdam
975 2495 1219 2544 compromissi
1260 2497 1356 2534 inter
1389 2498 1503 2536 dictas
1537 2506 1658 2549 partes
1692 2502 1845 2552 desuper
