2130 2962
544 199 764 231 OHARTERS
787 200 839 232 OF
861 201 945 231 THE
968 200 1119 232 FRIARs
1141 202 1389 234 PREAOHERS
1412 204 1464 235 OF
1485 205 1579 235 AYR.
1777 207 1837 237 103

292 290 397 328 abilis
414 291 471 328 vir
487 292 512 329 J
514 293 673 330 ohannes
690 293 853 331 Lokhert
872 294 916 330 de
934 294 1158 343 Dalmelling
1177 295 1363 345 burgensis
1381 297 1425 334 de
1442 297 1507 335 Air
1524 299 1704 348 quoddam
1722 300 1837 336 sasine

290 360 505 404 preceptum
522 357 733 393 membrana
749 357 925 405 scriptum
942 357 1025 393 alba
1042 369 1122 393 cera
1137 358 1318 406 pendente
1335 372 1432 396 more
1450 361 1656 398 cancellarie
1674 374 1837 410 supreme

292 417 438 455 domine
464 424 586 456 nostre
617 420 756 469 Regine
787 419 854 456 sub
880 420 1091 456 testimonio
1121 421 1178 456 sui
1207 422 1332 470 magni
1362 422 1471 471 sigilli
1495 423 1710 472 sigillattum
1740 424 1837 473 quod

293 480 317 517 J
319 481 430 518 acobo
448 481 613 519 Kcnedie
630 482 765 519 ballivo
783 483 822 518 in
834 483 942 518 huius
960 482 1068 519 modo
1085 489 1255 532 precepto
1273 485 1476 533 specificato
1495 487 1742 535 exequendum
1755 500 1835 535 pre-

294 545 456 581 sentavit
470 544 690 594 Quiquidem
700 545 857 582 ballivus
870 545 963 581 illud
972 546 1174 582 reverentia
1187 559 1259 595 qua
1273 546 1394 583 decuit
1404 549 1541 596 recepit
1552 554 1588 585 et
1597 550 1686 585 mihi
1696 550 1835 586 notario

293 606 440 655 publico
458 607 661 656 subscripto
678 608 831 644 tradidit
850 608 1107 657 perlegendum
1125 610 1403 658 exemplandum
1421 615 1458 647 et
1473 611 1513 647 in
1537 611 1630 648 hanc
1656 612 1836 659 publicam

294 670 531 707 instrumenti
548 670 702 707 formam
719 671 957 720 redigendum
971 671 1072 707 6111115
1089 673 1249 720 precepti
1261 677 1364 708 tenor
1377 673 1538 721 sequitur
1555 673 1621 709 sub
1638 673 1705 709 hac
1721 673 1836 709 forma

295 733 414 769 Maria
439 734 509 770 Die
535 734 656 783 gracia
672 734 797 782 regina
823 733 1012 770 Scotorum
1029 734 1273 771 vicecomitati
1290 740 1327 771 et
1352 735 1495 771 ballivis
1513 736 1586 771 suis
1603 736 1648 771 de
1664 735 1730 772 Air
1754 748 1835 772 nec-

295 808 371 832 non
388 796 531 832 dilectis
547 796 682 832 nostris
701 795 725 832 J
727 795 837 832 acobo
859 796 1023 833 Kenedie
1040 796 1209 845 burgensi
1222 797 1381 834 eiusdem
1399 802 1436 834 et
1453 811 1575 834 eorum
1593 798 1738 834 cuilibet
1755 810 1835 833 con-

295 859 451 895 iunctim
474 864 512 894 ct
535 858 683 895 divisim
699 859 973 895 vicecomitibus
991 860 1123 895 nostris
1141 860 1186 896 de
1203 859 1269 896 Air
1291 861 1331 896 in
1354 860 1420 897 hac
1442 865 1544 908 parte
1568 860 1720 896 salutem
1745 860 1836 903 Quia

296 933 363 957 nos
386 921 585 969 impensius
609 934 743 957 munus
759 926 925 957 nostrum
946 935 1030 971 erga
1047 922 1213 958 divinum
1230 923 1416 959 servitium
1433 923 1693 971 perpendentes
1719 928 1755 959 et
1771 935 1836 971 pro

297 984 442 1020 ardenti
467 983 542 1019 zelo
560 996 669 1032 quem
695 984 740 1020 ob
757 984 1051 1020 intertenendum
1075 985 1243 1032 policiam
1269 990 1305 1021 et
1329 984 1531 1033 equabilem
1556 985 1717 1021 ordinem
1742 985 1836 1021 inter

296 1047 462 1084 subditos
479 1051 623 1082 nostros
640 1047 810 1094 precipue
827 1059 911 1083 vero
928 1047 1024 1083 infra
1043 1047 1198 1096 burgum
1215 1052 1377 1083 nostrum
1402 1047 1447 1083 de
1464 1048 1531 1083 Air
1555 1048 1836 1095 preservandum

297 1109 473 1145 habemus
508 1108 775 1145 considerantes
809 1109 932 1156 itaque
965 1122 1031 1145 nos
1066 1121 1110 1145 ex
1145 1109 1259 1144 officio
1293 1109 1408 1144 teneri
1443 1122 1574 1145 munus
1601 1122 1683 1157 erga
1717 1109 1835 1145 Deum

298 1172 490 1220 complecti
508 1171 636 1208 debere
662 1171 764 1207 cuius
786 1171 1016 1219 providentia
1028 1172 1194 1220 regimini
1219 1171 1326 1207 huius
1342 1171 1456 1207 nostri
1480 1171 1583 1219 regni
1607 1172 1837 1219 preponimur

298 1234 421 1283 sicque
445 1234 549 1270 nobis
576 1246 621 1270 ex
645 1233 759 1269 officio
787 1233 992 1269 incumbere
1019 1233 1117 1269 omni
1141 1233 1292 1269 honesto
1320 1233 1425 1269 modo
1448 1246 1513 1281 pro
1536 1233 1708 1269 ministris
1735 1233 1837 1269 verbi

298 1297 369 1333 Dei
393 1296 583 1344 providere
610 1301 646 1332 et
672 1295 770 1344 quod
795 1296 989 1344 hospitalia
1013 1295 1229 1344 pauperibus
1254 1295 1432 1331 mutilatis
1453 1300 1489 1331 et
1515 1295 1652 1331 miseris
1677 1296 1836 1343 personis

299 1360 472 1409 orphanis
491 1364 529 1395 et
554 1359 768 1407 parentibus
785 1358 970 1394 destitutis
996 1358 1196 1394 infantibus
1221 1358 1315 1394 infra
1332 1358 1470 1394 dictum
1496 1358 1649 1407 burgum
1674 1363 1835 1394 nostrum

298 1427 553 1471 prescrventur
577 1426 661 1469 post
686 1425 849 1457 nostram
873 1420 1070 1468 perfectam
1097 1425 1231 1456 etatem
1257 1433 1338 1456 cum
1364 1420 1585 1456 avisamento
1611 1420 1836 1456 dominorum

301 1484 453 1522 Consilii
478 1484 596 1520 nostri
622 1483 751 1519 secreti
781 1483 947 1519 dedimus
973 1483 1212 1519 concessimus
1238 1482 1479 1530 disposuimus
1504 1495 1545 1518 ac
1578 1495 1643 1530 pro
1672 1482 1776 1517 nobis
1803 1487 1839 1517 et

299 1548 432 1585 nostris
450 1546 712 1583 successoribus
738 1559 802 1594 pro
825 1550 998 1594 perpetuo
1017 1545 1306 1581 confirmavimus
1323 1557 1462 1581 necnon
1478 1549 1601 1580 tenore
1618 1544 1837 1592 presentium

300 1611 430 1647 damus
473 1609 702 1646 concedimus
745 1608 969 1656 disponimus
1012 1620 1053 1643 ac
1095 1620 1160 1655 pro
1201 1607 1306 1643 nobis
1349 1612 1385 1643 et
1417 1607 1548 1642 nostris
1582 1606 1838 1642 successoribus

300 1686 367 1722 pro
384 1677 560 1721 perpetuo
578 1671 833 1707 confirmamus
850 1670 1056 1718 predilectis
1073 1670 1206 1706 nostris
1223 1669 1403 1718 preposito
1420 1669 1563 1705 ballivis
1581 1668 1785 1704 consulibus
1804 1673 1840 1704 et

302 1735 566 1773 communitate
600 1733 689 1770 dicti
724 1733 840 1769 nostri
873 1733 979 1781 burgi
1014 1737 1051 1768 et
1085 1732 1246 1780 ipsorum
1281 1730 1540 1767 successoribus
1573 1730 1838 1777 imperpetuum

302 1811 426 1835 omnes
440 1803 477 1834 et
492 1796 654 1845 singulas
668 1802 781 1832 terras
795 1799 1002 1831 tenementa
1019 1794 1143 1830 domos
1161 1794 1302 1830 edificia
1315 1793 1479 1829 ecclesias
1492 1793 1669 1841 cappellas
1682 1793 1840 1840 pomeria

301 1862 425 1898 hortos
443 1873 542 1897 acras
560 1859 692 1895 croftas
718 1871 857 1894 annuos
882 1857 1045 1894 redditus
1071 1856 1278 1892 molendina
1302 1855 1515 1904 piscationes
1539 1855 1676 1891 fructus
1702 1854 1840 1890 divoria

301 1924 462 1973 proficua
480 1922 723 1959 emolumenta
739 1921 861 1957 firmas
879 1920 1089 1956 elemosinas
1112 1919 1159 1955 lie
1184 1918 1367 1954 dailsilver
1392 1918 1511 1954 obitus
1537 1923 1574 1953 et
1600 1918 1841 1953 anniversaria

302 1999 515 2036 quecunque
556 1998 626 2033 que
660 1983 896 2033 quovismodo
931 1982 1184 2031 pertinuerunt
1218 1986 1282 2016 aut
1313 1980 1492 2028 pertinere
1526 1980 1762 2015 dinoscuntur
1795 1979 1841 2015 ad

302 2061 535 2099 quascunque
553 2048 781 2095 cappelanias
807 2046 978 2095 alteragia
1003 2044 1200 2093 prebendas
1229 2043 1268 2079 in
1296 2055 1505 2091 quacunque
1533 2042 1679 2078 ecclesia
1707 2041 1843 2089 capella

302 2118 366 2149 aut
401 2111 551 2160 collegio
585 2110 681 2146 infra
714 2110 919 2146 libertatem
953 2112 1017 2144 aut
1049 2105 1254 2155 parochiam
1289 2104 1379 2140 dicti
1412 2104 1527 2139 nostri
1560 2104 1666 2152 burgi
1699 2104 1743 2139 de
1777 2102 1843 2139 Air

302 2175 457 2212 fundata
491 2187 554 2210 5611
584 2173 757 2209 fundatas
786 2185 851 2220 per
880 2182 1129 2220 quemcunque
1158 2173 1351 2216 patronum
1368 2166 1416 2202 'in
1443 2179 1594 2214 quarum
1623 2166 1844 2214 possessione

303 2237 507 2288 cappellani
542 2241 579 2273 et
614 2234 839 2284 prebendarij
878 2233 1072 2270 earundem
1102 2231 1264 2280 perprius
1293 2230 1436 2265 fuerant
1469 2228 1671 2276 vbicunque
1705 2228 1843 2276 prefate

303 2302 432 2338 domus
475 2304 685 2337 tenementa
728 2297 868 2333 edificia
909 2295 1069 2345 pomeria
1111 2293 1208 2329 horti
1250 2305 1329 2328 acre
1375 2291 1487 2327 crofte
1530 2291 1641 2326 annui
1682 2291 1845 2328 redditus

301 2364 520 2415 piscationes
546 2360 755 2398 molendina
781 2358 1024 2396 anniversaria
1049 2356 1188 2392 fructus
1214 2354 1373 2402 proficua
1398 2358 1435 2390 et
1461 2353 1701 2389 emolumenta
1723 2353 1847 2402 jacent

301 2433 366 2466 aut
383 2427 484 2476 prius
501 2425 621 2462 levata
638 2423 783 2460 fuerant
804 2422 1001 2470 respective
1026 2432 1108 2456 cum
1133 2416 1350 2454 molendinis
1376 2416 1464 2452 locis
1489 2415 1603 2452 hortis
1629 2416 1718 2452 acris
1744 2416 1849 2452 terris

302 2491 434 2528 annuis
468 2487 672 2526 redditibus
707 2485 961 2522 emolumentis
996 2488 1033 2520 et
1068 2481 1217 2519 divoriis
1260 2479 1531 2529 quibuscunque
1569 2491 1638 2528 que
1679 2479 1849 2516 fratribus
