2130 2962
298 238 337 266 60
551 233 766 265 CHARTERS
789 233 840 264 OF
862 233 946 263 THE
968 231 1117 263 FRIARS
1139 227 1383 261 PREAOHERS
1406 227 1457 258 OF
1480 227 1572 258 AYR.

299 336 358 376 23,
382 329 526 380 supra]
584 330 658 366 The
692 329 939 365 confirmation
973 328 1004 364 is
1030 326 1183 377 granted
1209 326 1248 362 in
1278 323 1540 361 consideration
1570 323 1611 360 of
1636 323 1698 359 the
1723 323 1827 359 friars

298 395 427 443 saying
445 393 515 431 and
532 394 686 442 praying
713 393 768 428 for
794 392 857 428 the
883 396 1036 440 granter,
1055 403 1076 426 a
1093 389 1224 438 special
1249 386 1565 424 commemoration
1593 385 1666 422 and
1689 386 1826 430 collect,

299 470 346 493 on
363 457 425 493 the
443 456 673 504 anniversary
690 455 730 491 of
742 454 799 490 his
816 453 893 489 said
909 452 1141 501 predecessor.
1193 450 1314 487 Dated
1333 450 1398 486 5th
1415 449 1560 497 August
1581 451 1686 484 1480.

302 615 360 647 41.
381 609 616 658 Resiynation
631 609 674 657 by
694 608 859 645 William
872 607 987 644 Noble
1001 606 1078 644 and
1094 606 1149 643 his
1169 605 1274 654 Wise,
1290 605 1334 653 of
1342 617 1393 641 om
1409 603 1646 640 Armualrent
1661 602 1705 650 <ff
1715 602 1828 651 Eith

450 671 634 719 Shilliwys,
653 671 694 707 in
699 671 839 719 favour
856 671 900 718 of
910 671 965 706 the
985 669 1140 706 Convem
1161 668 1205 715 of
1224 668 1278 704 the
1302 666 1435 703 Friars
1451 665 1654 703 Preachcrs
1682 665 1726 713 of
1734 664 1825 712 ΑΨ.

450 733 555 783 [13th
571 733 764 771 December
785 731 909 780 1488]

378 835 422 870 In
440 834 507 870 Dei
530 834 673 869 nomine
701 845 804 868 amen
833 831 902 867 Per
928 831 995 866 hoc
1022 843 1165 878 presens
1190 829 1375 877 publicum
1392 829 1675 865 instrumentum
1693 828 1830 864 cunctis

302 902 425 945 pateat
443 896 627 943 evidenter
644 900 680 930 et
697 895 745 930 sit
761 898 888 929 notum
914 893 1010 940 quod
1036 905 1129 928 anno
1155 892 1412 928 incarnacionis
1439 891 1616 927 dominice
1641 890 1830 927 millesimo

303 958 652 1007 quadringentesimo
683 955 920 1003 octuagesimo
948 960 1074 990 octavo
1103 955 1160 990 die
1187 967 1272 990 vero
1300 954 1431 989 mensis
1459 953 1666 989 Decembris
1694 953 1832 990 decima

303 1021 412 1056 tercia
428 1019 626 1055 indiccione
644 1018 796 1066 septima
812 1017 1043 1064 pontificatus
1062 1016 1276 1052 sanctissimi
1293 1016 1332 1051 in
1350 1015 1492 1052 Christo
1505 1015 1618 1063 patris
1636 1028 1677 1051 ac
1694 1015 1832 1052 domini

304 1082 441 1118 domini
463 1081 575 1116 nostri
592 1080 793 1127 Innocencij
815 1079 938 1115 divina
954 1078 1183 1126 providencia
1200 1090 1292 1125 pape
1313 1078 1431 1113 octavi
1449 1090 1543 1113 anno
1561 1078 1689 1125 quinto
1706 1078 1745 1113 in
1762 1079 1832 1114 mei

302 1143 429 1190 notarij
450 1142 583 1189 publici
601 1146 637 1176 et
663 1141 812 1176 testium
839 1140 1118 1187 subscriptorum
1144 1140 1326 1187 presencia
1353 1140 1587 1187 personaliter
1615 1141 1832 1176 constitutus

303 1204 504 1241 Willelmus
530 1203 644 1239 Noble
661 1203 701 1250 ly
718 1215 878 1250 cowparc
905 1202 1089 1250 burgensis
1115 1201 1220 1249 burgi
1238 1201 1282 1237 (16
1299 1201 1384 1237 Α116
1411 1207 1447 1238 et
1464 1202 1618 1238 Isobella
1644 1202 1833 1250 Ooupland

304 1279 368 1302 sua
385 1279 513 1313 sponsa
530 1278 593 1313 per
610 1264 903 1300 deliberacionem
921 1264 1027 1299 unius
1055 1263 1189 1311 denarij
1219 1276 1307 1311 pure
1334 1268 1370 1299 et
1398 1265 1607 1313 simpliciter
1633 1265 1834 1313 resignave-

302 1333 388 1364 runt
408 1333 444 1364 et
462 1341 601 1363 sursum
627 1327 860 1362 reddiderunt
881 1340 902 1362 a
920 1339 956 1362 se
975 1332 1010 1362 et
1029 1328 1101 1363 suis
1117 1327 1307 1363 heredibus
1334 1332 1370 1363 et
1397 1326 1587 1375 assignatis
1612 1326 1649 1362 in
1667 1326 1833 1362 manibus

303 1390 441 1439 providj
465 1390 534 1425 viri
551 1390 629 1425 Ade
647 1389 855 1425 WVischard¹
873 1389 997 1424 ballivi
1022 1389 1175 1436 predicti
1192 1389 1297 1438 burgi
1325 1402 1389 1437 pro
1417 1395 1577 1437 tempore
1605 1394 1685 1425 octo
1703 1389 1834 1425 solidos

305 1452 411 1499 annuj
433 1451 593 1487 redditus
615 1451 800 1486 annuatim
823 1450 994 1486 levandos
1013 1456 1049 1486 et
1065 1451 1285 1498 recipiendos
1313 1451 1357 1487 de
1385 1464 1448 1487 suo
1475 1456 1683 1487 tenemento
1700 1456 1778 1487 toto
1797 1456 1834 1487 et

303 1514 443 1562 integro
467 1513 525 1549 vel
549 1513 592 1548 de
623 1512 697 1548 eius
725 1525 934 1560 quacunque
951 1517 1051 1560 parte
1078 1518 1248 1560 occupata
1274 1526 1339 1561 pro
1367 1518 1525 1560 tempore
1553 1518 1628 1548 tam
1654 1513 1693 1549 in
1715 1513 1834 1549 fronte

305 1588 412 1623 quam
429 1575 467 1609 in
485 1574 596 1609 cauda
614 1586 695 1609 cum
711 1574 939 1621 pertinencijs
953 1574 1095 1621 jacente
1112 1575 1150 1609 in
1169 1575 1264 1610 dicto
1282 1575 1393 1622 burgo
1408 1575 1502 1610 inter
1513 1580 1661 1622 pontem
1676 1575 1834 1611 eiusdem

306 1650 350 1672 ex
376 1641 478 1684 parte
504 1635 633 1682 borealj
665 1635 709 1670 ab
736 1648 808 1670 una
836 1640 871 1670 et
898 1640 1143 1671 tenementum
1174 1636 1288 1684 Finlaj
1320 1636 1456 1684 Inglis²
1484 1649 1528 1672 ex
1555 1642 1657 1684 parte
1685 1637 1831 1685 australj

305 1698 466 1746 partibus
493 1697 537 1732 ab
562 1697 673 1732 altera
691 1696 913 1744 Quaquidem
943 1698 1183 1745 resignacione
1200 1698 1268 1733 rite
1285 1699 1323 1733 in
1341 1699 1506 1734 manibus
1534 1699 1622 1734 dicti
1650 1698 1772 1747 ballivj
1792 1706 1835 1735 ut

305 1758 527 1807 premittitur
543 1762 686 1805 peracta
703 1758 904 1805 sepedictus
917 1758 1070 1794 ballivus
1086 1772 1149 1807 per
1166 1760 1397 1795 donacionem
1415 1761 1520 1796 unius
1544 1761 1677 1809 denarij
1698 1766 1835 1797 statum

306 1820 407 1856 dedit
424 1819 676 1855 hereditarium
694 1824 729 1854 et
746 1819 911 1855 saisinam
930 1832 1067 1855 necnon
1086 1825 1121 1856 et
1138 1821 1268 1857 realem
1286 1827 1322 1857 et
1340 1823 1556 1871 corporalem
1576 1824 1836 1870 possessionem

307 1881 566 1917 antedictorum
585 1885 663 1916 octo
689 1880 881 1916 solidorum
900 1881 1006 1928 annuj
1026 1881 1187 1918 redditus
1205 1884 1392 1919 annuatim
1409 1889 1451 1919 ut
1469 1884 1665 1931 predicitur
1678 1885 1722 1921 de
1736 1886 1834 1922 dicto

305 1949 510 1979 tenemento
537 1956 617 1979 cum
642 1942 870 1990 pertinenciis
895 1942 1030 1978 famoso
1056 1944 1133 1979 viro
1159 1944 1324 1992 religioso
1351 1945 1520 1982 videlicet
1547 1946 1650 1982 fratri
1677 1947 1701 1983 J
1703 1947 1834 1997 ohannj

307 2006 384 2042 Red
411 2005 516 2053 priorj
547 2005 615 2041 loci
643 2005 888 2040 conventualis
914 2004 1080 2040 Fratrum
1107 2005 1375 2043 Predicatorum
1403 2008 1532 2044 Sancte
1559 2009 1715 2046 Katrine
1747 2010 1833 2059 dictj

305 2068 408 2117 burgj
427 2081 490 2116 pro
508 2080 626 2103 annuo
645 2066 769 2102 obbitu
788 2071 824 2102 ct
841 2066 1006 2115 suffragio
1024 2080 1106 2103 cum
1123 2073 1344 2104 mortuorum
1362 2071 1521 2118 exequijs
1535 2076 1571 2106 ct
1585 2072 1693 2108 missa
1710 2078 1838 2109 cantus

306 2131 344 2166 in
358 2130 513 2166 crastino
526 2142 589 2177 pro
603 2129 736 2164 eisdem
749 2128 788 2163 in
807 2128 904 2164 dicta
922 2129 1066 2164 ecclesia
1084 2130 1269 2166 annuatim
1287 2132 1396 2167 semel
1414 2133 1624 2170 celebrando
1642 2134 1838 2173 Reservato

306 2197 427 2228 tamen
460 2192 570 2227 libero
604 2196 806 2227 tenemento
841 2191 927 2239 dictj
969 2192 1076 2239 annuj
1113 2192 1274 2229 redditus
1316 2194 1403 2242 ipsis
1447 2196 1669 2233 coniunctim
1703 2198 1840 2235 scilicet

307 2267 490 2302 quousque
523 2267 617 2290 unus
652 2254 845 2290 eorundem
879 2254 1051 2289 moriatur
1080 2254 1128 2290 Et
1156 2260 1239 2302 post
1269 2256 1454 2293 decessum
1488 2259 1616 2306 prioris
1645 2261 1839 2297 eorundem

307 2317 509 2352 decedentis
537 2316 698 2352 decetero
726 2316 896 2352 solvendo
924 2316 1061 2352 dictum
1088 2329 1248 2353 annuum
1275 2319 1458 2356 redditum
1486 2321 1583 2358 dicto
1611 2323 1688 2359 loco
1711 2324 1840 2373 imper-

306 2383 455 2426 petuum
472 2391 545 2414 una
571 2391 653 2414 cum
681 2391 784 2414 onere
813 2390 981 2426 campane
1009 2377 1179 2414 solvendo
1206 2392 1270 2427 per
1294 2381 1449 2428 priorem
1477 2388 1514 2419 et
1541 2390 1760 2423 conventum
1777 2400 1841 2436 pro

870 2451 880 2467 ¹
900 2453 957 2480 Obit
971 2453 1041 2479 Book
1055 2453 1085 2488 of
1094 2453 1160 2488 ΑΨ,
1174 2463 1200 2489 p.
1216 2457 1260 2483 60.

500 2497 512 2516 2
531 2500 596 2527 This
610 2503 747 2527 tenement
760 2509 814 2526 was
828 2500 858 2526 in
872 2500 918 2526 the
933 2501 948 2515 “
957 2499 1113 2535 Voodgait.·'
1156 2501 1213 2528 Obie
1227 2502 1295 2529 Book
1309 2503 1338 2538 of
1348 2503 1414 2538 ΑΨ,
1428 2513 1472 2540 pp.
1490 2508 1535 2540 10,
1550 2508 1597 2542 48,
1613 2510 1657 2535 49.
