2130 2962
304 219 321 246 2
557 217 773 249 OHARTERS
797 217 848 248 OF
869 217 953 247 THE
977 215 1127 247 FRIARs
1150 214 1395 246 PREAOHERS
1419 215 1470 245 OF
1493 215 1590 246 AYR.

307 353 338 386 2.
367 348 545 386 Notarial
565 348 665 398 Capy
682 349 826 398 ofBull
842 348 998 397 ofPope
1019 346 1180 384 Clement
1203 345 1286 390 IV.‚
1307 344 1499 393 declar-inq
1518 345 1575 382 the
1600 343 1699 392 riyht
1721 344 1765 393 qf
1784 344 1842 381 the

362 411 564 449 Predicomt
582 412 716 449 Friars
733 418 765 449 to
783 411 869 449 hold
887 409 1067 459 temporal
1077 406 1430 458 property—[Hm
1448 408 1644 455 February
1664 406 1792 456 1266.]

377 499 539 535 Clemens
554 500 738 548 episcopus
750 511 871 535 servus
885 510 1068 534 servorum
1082 497 1151 533 Dei
1164 496 1306 533 dilectis
1319 495 1404 532 filiis
1417 495 1590 545 magistro
1602 498 1639 530 et
1652 493 1840 530 Fratribus

305 562 439 598 ordinis
457 562 726 599 Predicatorum
750 562 902 598 salutem
920 565 957 597 et
975 559 1208 608 apostolicam
1225 559 1515 595 benedictionem
1542 557 1705 594 Obtentu
1724 557 1840 593 divini

304 624 460 660 nominis
482 625 581 660 cuius
600 625 713 661 cultui
731 624 796 660 sub
815 637 912 660 sacre
929 628 1051 659 nostre
1077 622 1259 671 religionis
1286 621 1518 659 observancia
1543 619 1700 657 studetis
1717 624 1839 656 mente

304 686 535 722 devotissima
558 686 733 723 deservire
749 687 846 722 votis
863 686 994 722 vestris
1011 685 1166 721 libenter
1189 685 1382 721 annuimus
1410 689 1447 721 et
1473 683 1672 733 peticiones
1700 687 1839 719 vestras

303 749 341 784 in
368 748 439 784 hiis
466 761 535 796 que
563 749 671 796 digne
701 748 892 796 deposcitis
916 747 1164 784 favorabiliter
1189 746 1402 782 exaudimus
1432 746 1488 782 Ex
1522 749 1626 794 parte
1657 745 1838 793 siquidem

303 815 421 846 vestra
437 810 508 846 fuit
524 811 747 858 propositum
766 823 883 846 eoram
900 810 1003 846 nobis
1021 809 1118 857 quod
1141 809 1307 845 nonnulli
1332 808 1463 857 prelati
1481 807 1600 844 clerici
1627 812 1664 843 et
1689 807 1772 843 laici
1798 808 1837 843 in

304 872 452 908 diversis
475 872 602 907 mundi
624 871 784 919 partibus
803 872 991 907 constituti
1008 876 1203 907 asserentes
1220 884 1285 907 vos
1312 871 1387 907 fore
1404 875 1566 906 mortuos
1588 883 1655 906 nec
1673 870 1838 906 valentes

302 935 486 982 proprium
514 934 691 982 possidere
716 947 780 969 vos
808 934 990 969 occasione
1016 933 1223 969 huiusmodi
1251 946 1272 969 a
1300 933 1523 981 quibuslibet
1551 932 1837 969 successionibus

304 996 490 1031 excludere
515 996 730 1031 .moliuntur
764 995 880 1038 Quare
921 1009 987 1044 pro
1026 1000 1128 1043 parte
1164 1001 1285 1031 vestra
1326 996 1398 1031 fuit
1440 1009 1461 1031 a
1504 994 1609 1031 nobis
1649 995 1837 1031 humiliter

302 1058 524 1105 postulatum
541 1062 583 1093 ut
599 1070 644 1093 ne
663 1058 849 1105 contingat
865 1070 930 1093 vos
957 1063 1103 1106 propter
1129 1057 1338 1093 huiusmodi
1365 1058 1677 1106 presumpcionem
1705 1057 1835 1094 talium

302 1119 448 1167 aliquod
481 1119 657 1155 incurrere
690 1125 948 1155 nocumentum
976 1132 1175 1168 congruum
1205 1132 1312 1167 super
1339 1119 1407 1156 hoc
1432 1119 1635 1155 remedium
1666 1120 1835 1157 adhibere

299 1186 450 1229 paterna
467 1181 659 1229 diligencia
677 1194 879 1217 curaremus
896 1181 972 1217 Nos
989 1182 1111 1230 itaque
1129 1183 1260 1218 vestris
1286 1182 1615 1230 supplicacionibus
1641 1182 1835 1232 benignius

300 1248 498 1279 annuentes
529 1243 744 1279 auctoritate
778 1243 973 1291 apostolica
1000 1242 1259 1279 declaravimus
1287 1244 1383 1292 quod
1412 1257 1477 1280 vos
1505 1244 1545 1280 in
1571 1245 1834 1293 temporalibus

300 1305 402 1341 bonis
419 1305 458 1340 in
476 1305 605 1352 quibus
623 1305 859 1342 succederetis
876 1306 916 1341 in
933 1306 1050 1341 seculo
1069 1306 1265 1342 existentes
1286 1305 1385 1343 licite
1411 1307 1564 1355 potestis
1582 1308 1771 1345 succedere
1797 1314 1834 1345 et

298 1367 472 1403 bonorum
489 1368 648 1415 ipsorum
670 1368 930 1415 possessionem
958 1368 1224 1416 apprehendere
1251 1381 1292 1404 ac
1310 1369 1466 1405 vendere
1494 1369 1606 1406 libere
1634 1370 1730 1407 bona
1755 1371 1835 1420 ipsa

300 1442 491 1477 eorumque
520 1430 680 1477 precium
709 1430 749 1466 in
778 1430 976 1466 utilitatem
1010 1435 1170 1466 vestram
1201 1436 1408 1467 convertere
1435 1437 1544 1479 prout
1572 1433 1677 1469 vobis
1705 1434 1834 1471 melius

299 1491 482 1527 videbitur
499 1491 663 1539 expedire
682 1492 878 1528 Universas
897 1497 1016 1528 autem
1044 1492 1229 1528 interdicti
1257 1493 1501 1541 suspensionis
1520 1499 1557 1530 et
1584 1497 1833 1532 excommuni-

300 1552 452 1588 cacionis
470 1553 666 1589 sentencias
684 1566 772 1601 quas
791 1558 914 1589 contra
936 1554 1112 1601 presentis
1140 1554 1396 1590 declaracionis
1424 1560 1586 1592 tenorem
1614 1570 1680 1605 per
1707 1572 1832 1607 quem-

301 1627 439 1662 cunque
473 1614 557 1650 ferri
587 1615 776 1663 contigerit
807 1616 1029 1651 decernimus
1059 1616 1179 1652 irritas
1207 1621 1244 1652 et
1274 1617 1400 1653 inanes
1428 1617 1532 1654 Nulli
1567 1632 1650 1668 ergo
1686 1622 1834 1659 omnino

300 1676 487 1712 hominum
529 1676 635 1712 liceat
676 1677 768 1712 hanc
810 1678 979 1726 paginam
1023 1683 1143 1714 nostre
1187 1678 1441 1716 declaracionis
1477 1686 1513 1717 et
1557 1684 1833 1722 constitucionis

300 1738 493 1786 infringere
515 1739 574 1774 vel
601 1738 633 1775 ei
656 1751 745 1774 ausu
774 1740 961 1775 temerario
988 1740 1164 1776 contraire
1191 1740 1230 1776 Si
1256 1741 1337 1789 quis
1368 1746 1490 1778 autem
1521 1743 1588 1780 hoc
1614 1750 1833 1795 attemptare

300 1800 555 1848 presumpserit
572 1800 860 1849 indignacionem
881 1801 1140 1849 omnipotentis
1169 1802 1238 1838 Dei
1262 1807 1299 1839 et
1326 1803 1514 1841 beatorum
1542 1806 1644 1844 Petri
1662 1814 1700 1845 et
1727 1809 1834 1847 Pauli

301 1861 541 1909 apostolorum
571 1862 646 1897 eius
675 1875 712 1898 se
746 1863 887 1898 noverit
916 1863 1151 1901 incursurum.
1218 1864 1356 1901 Datum
1382 1866 1523 1904 Perusii
1553 1869 1595 1905 11ο
1624 1870 1713 1907 Idus
1739 1872 1832 1910 Feb—

298 1924 407 1959 ruarii
424 1923 653 1971 pontificatus
671 1925 785 1960 nostri
802 1938 894 1961 anno
916 1925 1032 1973 primo
1051 1931 1116 1962 etc.

374 1998 452 2034 Hec
481 2003 535 2034 est
570 2011 653 2034 vera
687 1999 788 2047 copia
821 1999 918 2036 bulle
953 2000 1205 2038 declaracionis
1241 2007 1278 2039 et
1313 2004 1588 2043 constitucionis
1621 2008 1834 2059 principalis

446 2060 661 2096 concordans
679 2061 717 2096 in
741 2062 906 2098 omnibus
933 2076 1015 2098 cum
1033 2064 1199 2112 originali
1216 2065 1328 2102 nichil
1346 2067 1470 2104 addito
1489 2074 1553 2105 aut
1578 2076 1715 2108 remoto
1734 2075 1833 2122 quod

446 2122 686 2159 substanciam
703 2123 790 2160 sacti
807 2130 964 2161 mutaret
991 2131 1054 2162 aut
1081 2127 1308 2164 intellectum
1335 2131 1573 2177 quovismodo
1601 2135 1759 2173 variaret
1787 2137 1832 2174 In

447 2183 547 2219 cuius
564 2184 615 2220 rei
632 2185 879 2222 testimonium
897 2188 999 2236 signo
1018 2193 1054 2224 et
1068 2189 1330 2238 subscripcione
1343 2193 1433 2229 meis
1446 2196 1676 2234 manualibus
1690 2199 1833 2248 signavi

446 2250 483 2281 et
510 2245 700 2294 subscripsi
734 2248 830 2295 apud
860 2249 1073 2298 Edinburgh
1101 2251 1159 2287 die
1186 2253 1290 2289 xxv't⁰
1320 2256 1455 2292 mensis
1485 2256 1708 2306 Septembris
1736 2275 1832 2300 anno

446 2308 583 2344 domini
616 2310 803 2347 millesimo
834 2312 1120 2361 quingentesimo
1151 2314 1290 2352 decimo
1318 2317 1446 2365 quinto
1474 2319 1674 2360 indictione
1703 2332 1833 2374 quarta

446 2370 744 2420 pontificatusque
762 2374 979 2410 sanctissimi
996 2375 1035 2410 in
1054 2375 1196 2413 Christo
1213 2379 1327 2426 patris
1346 2385 1383 2417 et
1402 2381 1541 2420 domini
1558 2387 1675 2422 nostri
1694 2388 1834 2427 domini

447 2432 576 2468 Leonis
593 2433 716 2470 divina
732 2436 963 2483 providencia
980 2449 1071 2485 pape
1089 2438 1220 2476 decimi
1238 2454 1332 2478 anno
1350 2444 1471 2482 tercio.

1314 2505 1472 2545 THOMAS
1498 2509 1656 2557 FORBEs,
1676 2524 1753 2551 Ere.
