2130 2962
557 195 775 227 OHARTERS
798 197 850 228 OF
873 198 957 228 THE
980 198 1130 230 FRIARS
1153 200 1397 234 PREAOHERS
1420 204 1471 235 OF
1493 205 1588 236 AYR.
1800 212 1840 241 47

301 290 357 327 for
374 303 441 326 one
459 290 693 340 anniversary
710 296 748 329 to
765 292 810 329 be
828 292 906 329 said
923 292 979 329 for
995 293 1058 330 the
1074 300 1220 343 granter
1237 298 1308 334 and
1325 298 1381 335 his
1398 299 1501 345 heirs,
1518 303 1608 339 with
1623 304 1691 340 full
1709 307 1842 344 service

302 353 343 390 of
355 353 418 390 the
437 353 544 397 choir,
563 367 602 390 as
619 354 675 390 for
692 368 713 391 a
729 355 911 404 professed
928 355 1074 393 brother
1091 357 1131 393 of
1143 359 1206 395 the
1230 360 1343 405 order,
1364 362 1437 398 and
1454 363 1578 401 letters
1595 366 1635 401 of
1649 368 1840 405 confrater—

301 416 385 465 nity
401 416 441 452 in
470 416 575 461 form,
594 417 684 453 with
705 418 1037 455 recommendation
1063 419 1104 456 of
1128 421 1191 457 the
1215 422 1361 471 chapter
1379 424 1419 460 of
1439 425 1502 462 the
1519 429 1663 476 general
1686 429 1726 465 of
1747 430 1841 467 their

302 479 417 524 order,
443 479 626 516 wherever
651 481 736 517 held
761 481 809 517 in⁴
825 481 888 518 the
914 482 1091 531 kingdom
1118 484 1158 520 of
1188 484 1369 523 Scotland.
1423 487 1497 524 The
1521 490 1659 527 charter
1683 492 1713 528 is
1731 493 1840 530 dated

303 547 342 579 at
367 541 446 591 Ayr
473 542 538 578 9th
556 542 744 592 February
764 545 911 581 1397-8.
971 544 1046 581 The
1072 546 1332 593 confirmation,
1351 550 1534 600 requiring
1563 553 1649 601 only
1671 554 1752 590 that
1777 555 1839 592 the

302 605 399 653 prior
415 605 488 641 and
506 610 663 642 convent
687 606 780 642 shall
805 619 870 654 say
887 607 960 643 and
984 620 1076 656 pray
1093 622 1114 645 a
1135 612 1452 648 commemoration
1472 613 1544 649 and
1567 616 1698 662 special
1716 617 1840 654 collect

301 668 358 704 for
382 668 446 704 the
476 668 555 704 said
579 668 742 704 Wffliam
768 668 926 706 Wallace
953 683 1000 706 on
1029 671 1092 707 the
1123 673 1355 722 anniversary
1385 674 1425 710 of
1441 675 1498 712 his
1527 676 1604 713 said
1630 677 1783 724 brother,
1808 680 1840 716 is

303 730 413 767 dated
430 735 468 767 at
485 730 564 780 Ayr
586 729 705 780 (April
723 729 785 780 29)
809 735 914 769 1419.

354 937 411 970 31.
443 933 601 971 Charcer
618 934 663 983 by
679 934 809 972 Adam
826 936 871 985 qf
881 936 1006 972 Boura
1023 942 1057 973 to
1075 937 1131 974 the
1149 937 1282 974 Friars
1298 938 1500 977 Preacloers
1517 941 1561 989 qf
1568 941 1660 990 Ayr,
1683 944 1727 992 of
1735 958 1786 981 om

560 1003 799 1042 Annualrent
815 1005 859 1053 (gf
868 1005 971 1042 Four
988 1005 1333 1056 &alima—[mm
1350 1008 1443 1057 July
1463 1010 1588 1060 1423]

378 1120 554 1157 Omnibus
576 1120 644 1156 hoc
662 1120 839 1168 scriptum
855 1120 988 1156 visuris
1013 1121 1073 1157 vel
1099 1121 1275 1158 audituris
1300 1122 1419 1159 Adam
1445 1124 1489 1160 de
1514 1124 1629 1161 Boure
1654 1125 1838 1175 burgensis

303 1184 347 1220 de
364 1184 436 1219 Are
454 1183 608 1219 salutem
625 1182 664 1218 in
677 1182 835 1219 Domino
853 1183 1109 1231 sempiternam
1121 1183 1304 1220 Noveritis
1321 1198 1378 1221 me
1392 1186 1549 1222 caritatis
1562 1187 1699 1223 intuitu
1716 1201 1757 1224 ac
1773 1201 1837 1236 pro

303 1246 417 1283 salute
434 1246 553 1282 anime
570 1257 649 1281 mee
667 1250 704 1281 et
722 1245 841 1281 anime
859 1245 971 1281 Elene
988 1246 1110 1281 uxoris
1127 1259 1205 1282 mee
1229 1252 1421 1294 parentum
1445 1260 1605 1284 meorum
1624 1254 1660 1285 et
1677 1251 1837 1286 omnium

302 1308 463 1345 fidelium
489 1307 743 1343 defunctorum
769 1307 910 1343 dedisse
934 1308 1146 1344 concessisse
1167 1313 1203 1344 et
1224 1308 1291 1344 hoc
1315 1310 1472 1357 presenti
1498 1311 1628 1358 scripto
1653 1324 1732 1347 meo
1757 1319 1839 1359 post

303 1372 486 1408 decessum
511 1383 633 1406 meum
659 1369 927 1417 imperpetuum
945 1369 1170 1406 confirmasse
1196 1369 1274 1406 Deo
1300 1370 1403 1406 beate
1428 1371 1601 1408 Katerine
1620 1378 1656 1408 et
1673 1374 1838 1410 omnibus

304 1434 437 1470 sanctis
468 1445 608 1469 necnon
637 1432 749 1480 priori
776 1437 813 1468 et
842 1433 1039 1468 conventui
1068 1432 1196 1468 domus
1213 1432 1381 1468 Fratrum
1397 1433 1664 1470 Predicatorum
1691 1435 1735 1471 de
1765 1435 1837 1472 Are

302 1496 436 1533 ibidem
452 1496 531 1532 Deo
549 1500 586 1531 et
604 1494 710 1531 beate
727 1494 905 1530 Katerine
931 1494 1171 1530 servientibus
1189 1499 1226 1530 et
1241 1495 1508 1542 imperpetuum
1524 1497 1707 1533 servituris
1724 1511 1837 1533 unum

303 1559 493 1596 annualem
519 1557 704 1594 redditum
720 1555 783 1605 [de
801 1561 957 1605 quatuor
974 1555 1116 1605 solidis]
1132 1561 1215 1605 post
1241 1557 1425 1593 decessum
1445 1571 1565 1594 meum
1582 1558 1775 1595 levandum
1793 1560 1838 1596 de

303 1635 375 1658 una
398 1620 541 1658 venella
566 1620 707 1656 iacente
731 1619 827 1654 inter
852 1623 987 1654 terram
1013 1618 1147 1654 Thome
1178 1618 1323 1655 Hakate
1350 1632 1392 1655 ex
1418 1633 1491 1656 una
1515 1625 1616 1668 parte
1643 1625 1678 1656 et
1706 1626 1837 1657 terram

303 1685 326 1720 J
328 1684 479 1720 ohannis
522 1682 567 1719 de
605 1681 907 1730 Montogomorry
937 1693 981 1716 ex
1011 1680 1123 1716 altera
1157 1685 1259 1728 parte
1293 1681 1339 1717 ad
1371 1681 1505 1717 festum
1538 1682 1768 1719 Pentecostes
1802 1688 1838 1719 et

303 1746 418 1783 sancti
451 1744 603 1781 Martini
642 1744 682 1780 in
716 1756 822 1791 yeme
855 1755 920 1790 per
953 1742 1097 1790 equales
1130 1743 1313 1790 porciones
1347 1743 1536 1779 Tenendos
1578 1749 1614 1780 et
1656 1744 1837 1781 habendos

302 1808 481 1857 predictos
516 1812 671 1855 quatuor
696 1805 829 1841 solidos
855 1809 938 1852 post
964 1804 1149 1840 decessum
1174 1817 1295 1840 meum
1321 1805 1427 1841 dictis
1451 1806 1562 1853 priori
1583 1811 1619 1842 et
1645 1807 1838 1843 conventui

301 1872 340 1907 in
357 1884 485 1919 puram
503 1875 540 1906 et
557 1873 771 1918 perpetuam
797 1866 1028 1903 elemosinam
1055 1866 1099 1902 de
1125 1879 1182 1902 me
1208 1871 1245 1902 et
1270 1867 1459 1903 heredibus
1483 1868 1571 1903 meis
1598 1868 1673 1904 sine
1699 1873 1837 1904 contra-

302 1933 460 1970 dictione
490 1931 638 1980 aliquali
666 1931 720 1966 ita
749 1930 859 1966 libere
890 1929 1011 1977 quiete
1038 1929 1196 1976 plenarie
1225 1929 1316 1965 bene
1347 1934 1384 1965 et
1412 1929 1451 1964 in
1480 1941 1566 1977 pace
1597 1930 1689 1965 sicut
1718 1930 1837 1977 aliqua

302 1995 493 2032 elemosina
520 1994 628 2030 alicui
656 1992 852 2029 conventui
879 1992 917 2027 in
944 1995 1023 2026 toto
1053 2003 1163 2038 regno
1193 1990 1311 2027 Scotie
1341 1991 1447 2027 datur
1476 1991 1552 2027 sive
1582 1992 1786 2027 conceditur
1815 2005 1837 2027 a

290 2062 513 2106 iquocunque
533 2055 713 2093 Faciendo
739 2067 804 2103 pro
832 2066 891 2089 me
919 2058 956 2089 et
978 2066 1044 2101 pro
1071 2053 1169 2088 dicta
1185 2052 1298 2088 Elena
1314 2066 1424 2089 uxore
1449 2066 1529 2089 mea
1554 2053 1672 2089 dictus
1689 2054 1784 2101 prior
1801 2059 1837 2090 et

302 2125 499 2156 conventus
533 2119 597 2168 qui
625 2131 690 2167 pro
720 2122 881 2165 tempore
914 2115 1049 2151 fuerint
1083 2115 1365 2150 anniversarium
1398 2115 1588 2151 dumtaxat
1621 2128 1702 2151 cum
1730 2115 1836 2163 pleno

301 2183 449 2219 servicio
468 2183 566 2219 chori
583 2182 622 2217 in
641 2180 797 2217 crastino
814 2183 897 2227 post
913 2178 1048 2214 festum
1062 2177 1179 2213 sancti
1191 2176 1343 2224 Dionisij
1364 2182 1535 2225 tanquam
1552 2190 1615 2225 pro
1634 2178 1689 2213 sui
1702 2178 1836 2214 ordinis

301 2245 477 2282 confratre
502 2244 672 2294 professo.
727 2243 773 2279 In
799 2242 900 2278 cuius
927 2241 980 2277 rei
1002 2239 1252 2276 testimonium
1277 2239 1435 2288 sigillum
1461 2252 1582 2275 meum
1610 2241 1836 2287 presentibus

301 2313 354 2345 est
380 2320 580 2357 appensum
606 2311 643 2342 et
666 2318 731 2354 pro
754 2305 888 2341 maiore
906 2303 1098 2340 securitate
1116 2301 1274 2351 sigillum
1297 2301 1427 2338 nobilis
1444 2303 1512 2338 viri
1534 2302 1558 2339 J
1560 2302 1709 2338 ohannis
1732 2303 1835 2340 Blare

300 2371 434 2408 domini
460 2371 505 2407 de
523 2363 736 2406 Adamtoun
756 2381 837 2404 cum
856 2366 1035 2402 instancia
1060 2364 1311 2413 apponendum
1328 2365 1525 2412 procuravi.
1578 2365 1715 2401 Datum
1740 2366 1837 2414 apud

299 2433 371 2471 Are
395 2434 567 2471 vicesimo
585 2437 713 2468 octavo
737 2431 795 2467 die
819 2430 951 2467 mensis
977 2428 1065 2477 Julij
1092 2441 1185 2464 anno
1213 2427 1361 2463 Domini
1383 2427 1571 2464 millesimo
1600 2428 1836 2477 quadringen-

297 2497 425 2534 tesimo
442 2496 614 2534 vicesimo
632 2494 751 2532 tercio.
