2130 2962
308 219 346 248 12
560 216 778 248 OHARTERS
801 216 853 247 OF
874 216 958 246 THE
980 215 1131 246 FRIARS
1153 213 1402 246 PREAOHERS
1425 214 1478 245 OF
1499 213 1594 245 AYR.

303 311 557 349 solvendorum
589 312 722 349 fabrice
759 311 903 348 ecclesie
946 311 1177 360 Glasguensis
1212 315 1249 348 et
1283 311 1435 347 aliorum
1471 314 1618 346 centum
1652 310 1849 348 solidorum

304 375 556 412 solvendorum
585 375 683 412 dicto
717 375 827 424 priori
861 379 898 411 et
933 374 1129 411 conventui
1170 374 1317 410 nomine
1351 373 1595 421 dampnorum
1629 386 1775 410 suorum
1811 379 1848 411 et

303 439 473 476 interesse
490 444 683 488 antequam
700 438 844 487 querela
867 443 990 474 nostra
1010 438 1048 473 in
1075 438 1196 486 aliqua
1222 438 1319 474 curia
1345 437 1517 473 canonica
1534 436 1594 472 vel
1612 436 1712 472 civili
1729 437 1847 473 deter-

304 501 502 538 minabitur
518 502 576 538 vel
594 501 804 538 exaudietur
820 501 869 537 Et
886 501 932 537 ad
949 501 1120 537 maiorem
1138 501 1245 536 huius
1271 501 1323 536 rei
1341 500 1574 536 securitatem
1591 499 1848 536 inviolabiliter

303 563 568 612 imperpetuum
594 563 852 600 observandam
877 564 983 600 tactis
1010 563 1244 600 saerosanctis
1263 562 1460 612 evangeliis
1485 562 1597 598 fidem
1623 575 1741 598 meam
1766 575 1846 610 pre-

304 625 401 662 dicto
422 626 531 674 priori
559 631 596 663 et
624 626 817 662 conventui
842 626 977 666 tradidi
1005 626 1223 674 corporalem
1250 626 1328 675 Ego
1349 638 1436 661 vero
1464 625 1612 661 Juliana
1639 629 1676 661 et
1698 624 1846 662 heredes

304 688 375 724 mei
391 688 592 736 predictum
611 701 771 724 annuum
787 688 969 724 redditum
988 701 1070 724 cum
1088 688 1194 724 dictis
1213 688 1320 724 domo
1334 693 1371 724 et
1387 688 1575 736 partieatis
1591 693 1701 736 prout
1717 687 1847 724 melius

303 754 340 785 et
356 749 501 785 liberius
518 750 756 798 prescriptum
775 755 828 785 est
846 755 968 786 contra
986 763 1109 786 omnes
1127 750 1289 786 homines
1304 755 1340 786 et
1357 750 1512 786 feminas
1529 750 1845 786 warantizabimus

304 816 340 846 et
350 811 614 859 imperpetuum
628 811 860 847 defendemus
894 812 939 847 In
951 812 1051 848 cuius
1062 812 1114 848 rei
1125 812 1375 848 testimonium
1387 812 1473 860 quia
1486 812 1647 861 sigillum
1657 813 1844 860 proprium

301 886 374 909 non
391 873 500 909 habui
517 874 677 922 sigillum
703 873 852 910 Henrici
878 875 922 910 de
948 875 1155 924 Aberdalgy
1173 875 1360 924 burgensis
1377 875 1422 911 de
1438 874 1511 911 Are
1538 875 1684 911 nomine
1709 888 1790 911 meo
1809 881 1846 912 et

301 936 379 971 vice
396 936 553 983 presenti
573 936 705 983 scripto
735 936 866 983 apponi
891 937 1081 984 procuravi
1106 950 1179 972 una
1205 950 1287 973 cum
1314 937 1432 986 sigillo
1460 938 1644 973 communi
1669 938 1777 986 burgi
1800 938 1844 975 de

301 997 373 1032 Are
391 1010 496 1033 causa
513 998 656 1033 maioris
674 998 869 1046 testimonij
890 999 972 1034 Hiis
989 999 1142 1035 testibus
1160 999 1279 1035 Adam
1297 1000 1342 1035 de
1363 1000 1465 1036 More
1482 1004 1572 1036 tunc
1589 999 1843 1048 Aldyrmanno

300 1059 345 1094 de
371 1058 443 1094 Are
468 1058 613 1094 Andrea
638 1059 683 1095 de
710 1059 883 1095 Orauford
909 1065 946 1096 et
972 1061 1154 1097 Willelmo
1180 1061 1256 1097 filio
1284 1062 1437 1097 Martini
1462 1067 1552 1098 tunc
1577 1062 1723 1098 ballivis
1753 1064 1843 1100 dicti

300 1120 405 1168 burgi
430 1120 454 1155 J
456 1120 594 1156 ohanne
625 1120 760 1157 Clerico
786 1121 968 1158 Willelmo
997 1122 1107 1170 Petyt
1136 1123 1158 1158 J
1163 1123 1303 1160 ohanne
1330 1124 1375 1160 de
1404 1124 1579 1160 Orauford
1608 1124 1767 1173 Symone
1796 1127 1842 1163 de

301 1180 511 1217 Waschford
528 1181 552 1217 J
553 1182 693 1219 ohanne
708 1183 844 1219 Clerico
862 1183 936 1220 filio
955 1189 993 1220 et
1009 1184 1135 1220 multis
1153 1185 1241 1222 aliis,
