2130 2962
303 208 342 237 86
563 207 780 239 CHARTERS
803 207 855 239 OF
875 208 958 239 THE
979 207 1129 239 FRIARS
1150 204 1394 237 PREAOHERS
1417 205 1468 236 OF
1490 205 1584 237 AYR.

305 299 558 336 ecclesiasticas
585 313 694 349 quam
723 301 896 339 seculares
923 301 1164 350 cuiuscunque
1194 304 1310 337 status
1340 305 1404 336 aut
1429 300 1647 336 condicionis
1677 301 1836 336 existant

305 362 368 410 qui
383 363 580 399 rectoribus
596 364 869 412 parrochialium
886 364 1113 401 ecclesiarum
1130 364 1169 399 in
1185 362 1368 411 premissis
1385 366 1508 398 contra
1518 362 1645 398 fratres
1654 362 1835 411 predictos

304 424 465 461 favorem
482 425 656 462 auxilium
672 426 731 463 vel
748 427 936 463 consilium
952 426 1097 475 prebere
1118 424 1401 474 presumpserint
1425 437 1489 472 per
1511 437 1677 460 censuras
1703 430 1740 461 et
1765 424 1836 460 alia

305 487 392 523 iuris
403 492 579 535 oportuna
589 489 746 525 remedia
755 489 954 525 monicione
964 489 1137 537 premissa
1147 487 1346 524 districtius
1357 486 1507 523 arceatis
1518 491 1555 522 et
1564 492 1607 523 ut
1618 499 1639 523 a
1650 487 1784 523 talibus
1797 486 1836 522 in

305 549 469 586 futurum
486 556 637 587 caveant
653 551 870 599 prohibeatis
883 564 955 586 non
971 550 1196 587 obstantibus
1209 549 1532 587 constitucionibus
1546 553 1583 585 et
1600 549 1836 585 ordinacioni-

306 610 373 647 bus
399 612 599 660 apostolicis
622 626 663 649 ac
687 614 726 649 in
751 613 969 649 sinodalibus
996 612 1153 649 conciliis
1174 612 1281 648 editis
1298 612 1445 648 statutis
1463 616 1500 647 ct
1517 612 1835 648 consuetudinibus

303 673 508 721 juramento
533 675 805 711 confirmacione
834 674 1030 722 apostolica
1055 674 1114 710 vel
1144 674 1271 722 quavis
1296 674 1366 710 alia
1394 673 1566 710 firmitate
1595 674 1770 711 roboratis
1798 679 1836 711 et

308 736 387 773 aliis
403 749 471 785 que
489 737 641 773 Romani
657 736 844 785 pontifices
861 736 1122 784 predecessores
1139 736 1255 771 nostri
1270 736 1403 784 prefati
1419 736 1459 772 in
1476 736 1549 772 suis
1567 741 1604 773 et
1617 749 1682 772 nos
1699 737 1738 772 in
1754 750 1835 773 nos-

306 798 373 835 tris
389 798 502 835 literis
518 799 788 847 privilegiorum
804 798 1004 846 graciarum
1022 802 1058 833 et
1075 797 1299 833 indultorum
1322 798 1419 834 dicto
1445 798 1562 834 ordini
1586 812 1834 836 concessorum

306 860 472 896 volumus
488 874 561 896 non
585 861 724 896 obstare
751 860 946 908 ceterisque
973 859 1160 895 contrariis
1186 859 1456 908 quibuscunque
1506 861 1555 896 Et
1581 861 1665 909 quia
1690 861 1833 899 difficile

306 922 399 959 foret
416 927 596 970 presentes
612 923 734 958 literas
751 922 940 970 originales
956 921 1003 957 ad
1029 921 1150 957 omnia
1174 921 1252 957 loca
1268 922 1308 957 in
1332 922 1461 970 quibus
1479 935 1568 971 opus
1592 928 1685 959 esset
1703 924 1832 960 deferri

305 984 471 1020 volumus
496 989 532 1020 et
557 984 718 1032 predicta
743 984 956 1019 auctoritate
973 983 1195 1019 decernimus
1212 983 1309 1031 quod
1326 996 1447 1020 earum
1463 985 1697 1033 transumptis
1721 998 1831 1022 manu

306 1046 438 1082 notarii
454 1046 589 1094 publici
607 1045 815 1092 subscriptis
833 1049 870 1080 et
886 1044 1004 1093 sigillo
1018 1044 1168 1080 alicuius
1183 1058 1333 1093 persone
1346 1046 1384 1081 in
1401 1046 1579 1094 dignitate
1595 1047 1833 1084 ecclesiastica

305 1107 498 1144 constitute
515 1107 664 1143 munitis
683 1119 724 1142 ea
739 1106 828 1142 fides
853 1106 1003 1142 indubia
1018 1106 1057 1142 in
1071 1106 1207 1154 judicio
1226 1112 1263 1143 et
1280 1112 1381 1143 extra
1397 1107 1601 1156 ubicunque
1618 1121 1706 1156 opus
1722 1109 1832 1146 fuerit

305 1169 515 1205 adhibeatur
531 1182 600 1217 quc
617 1169 704 1216 ipsis
725 1168 955 1217 originalibus
982 1168 1210 1205 adhiberetur
1227 1170 1258 1205 si
1276 1170 1434 1206 exhibite
1460 1170 1578 1206 forent
1604 1171 1664 1206 vel
1691 1176 1831 1208 ostense

304 1231 441 1267 Datum
458 1231 570 1267 Rome
589 1230 686 1278 apud
703 1235 866 1266 sanctum
883 1230 1035 1266 Petrum
1061 1230 1127 1266 sub
1154 1231 1287 1267 annulo
1315 1232 1503 1280 piscatoris
1531 1232 1590 1267 die
1617 1233 1704 1281 xxvj
1729 1233 1753 1269 J
1755 1233 1832 1269 unii

304 1300 356 1330 m⁰
374 1294 413 1330 d⁰
430 1293 537 1341 xviij⁰
553 1292 785 1341 pontificatus
801 1293 916 1328 nostri
934 1305 1026 1329 anno
1044 1298 1155 1329 sexto.
1474 1343 1504 1379 P

1505 1372 1514 1380 .
1544 1344 1729 1381 BLENDUS.

378 1457 456 1493 Hec
482 1461 536 1492 est
559 1469 645 1492 vera
671 1456 772 1504 copia
796 1455 1001 1507 principalis
1030 1455 1147 1491 brevis
1175 1455 1394 1491 sanctissimi
1420 1455 1460 1491 in
1483 1455 1627 1492 Christo
1653 1456 1767 1504 patris
1795 1462 1832 1493 et

452 1518 588 1554 domini
610 1518 723 1553 nostri
750 1517 886 1553 domini
912 1517 1042 1552 Leonis
1070 1517 1193 1553 divina
1219 1517 1449 1565 providencia
1475 1530 1568 1565 pape
1594 1518 1724 1554 decimi
1749 1532 1831 1555 cum

451 1592 515 1616 suo
546 1579 710 1627 originali
739 1579 777 1613 in
808 1578 973 1614 omnibus
1003 1579 1076 1614 suis
1105 1579 1249 1626 punctis
1279 1583 1317 1615 et
1344 1579 1505 1615 articulis
1535 1581 1752 1616 concordans
1778 1581 1831 1616 nil

451 1640 615 1677 addendo
649 1640 707 1676 vel
740 1640 933 1676 minuendo
967 1640 1064 1688 quod
1098 1640 1301 1676 substancia
1333 1641 1385 1677 rei
1418 1646 1575 1677 mutaret
1609 1647 1673 1677 aut
1706 1655 1830 1678 sensus

450 1703 604 1738 variaret
621 1702 666 1737 de
682 1702 790 1738 verbo
807 1703 846 1737 in
864 1702 1012 1737 verbum
1028 1702 1182 1738 fideliter
1198 1703 1339 1750 copiata
1364 1707 1401 1738 et
1427 1702 1660 1739 collacionata
1683 1717 1747 1752 per
1771 1716 1829 1740 me

450 1763 695 1799 Alexandrum
720 1763 892 1799 Makneill
917 1763 1097 1799 notarium
1126 1763 1310 1811 publicum
1337 1763 1404 1799 sub
1431 1764 1520 1800 meis
1549 1765 1652 1813 signo
1682 1770 1719 1801 et
1746 1766 1828 1802 sub-

451 1825 644 1873 scripcione
661 1824 886 1860 manualibus
907 1838 948 1860 ac
969 1824 1085 1873 sigillo
1110 1825 1395 1861 reverendissimi
1419 1825 1459 1861 in
1485 1825 1628 1862 Christo
1653 1827 1768 1875 patris
1794 1833 1831 1864 et

451 1886 587 1922 domini
612 1886 749 1922 domini
768 1886 792 1922 J
794 1885 895 1922 acobi
920 1886 1148 1922 miseracione
1173 1887 1296 1922 divina
1321 1887 1575 1936 archiepiscopi
1597 1888 1829 1938 Glasguensis

450 1961 490 1984 ac
519 1948 718 1984 cancellarii
743 1948 899 1995 supremi
925 1948 1069 1984 domino
1098 1948 1212 1983 nostri
1241 1948 1336 1997 regis
1365 1949 1481 1985 tocius
1508 1950 1609 1998 regni
1636 1950 1757 1988 Scocie
1787 1957 1831 1988 ut

450 2015 554 2046 tanta
569 2010 659 2046 fides
675 2010 781 2046 detur
806 2010 889 2045 huic
909 2010 1010 2058 copie
1027 2014 1162 2058 quanta
1179 2009 1391 2046 adhibeatur
1407 2011 1598 2060 principali
1616 2013 1792 2062 originali.

807 2109 1043 2145 ALEXANDER
1060 2109 1264 2145 MAKNEILL
1289 2111 1451 2147 notarius
1475 2112 1642 2160 publicus

679 2172 725 2208 ad
741 2172 912 2221 premissa
928 2172 1118 2221 requisitus
1135 2176 1226 2208 teste
1243 2185 1354 2210 manu
1371 2175 1515 2223 propria
1531 2175 1753 2224 subscripsit.
