2130 2962
557 214 776 246 OHARTERS
799 215 850 247 OF
872 216 956 246 THE
978 216 1128 248 FRIARS
1151 217 1393 252 PREACHERS
1416 221 1467 253 OF
1488 222 1580 254 AYR.
1795 228 1811 258 7
1816 230 1833 258 3

301 321 357 357 49.
378 317 511 356 Sasine
526 318 567 355 in
571 319 716 368 favour
729 320 774 369 of
784 321 840 358 the
853 320 987 359 Friars
1003 321 1215 368 Preaohers,
1232 324 1276 372 <ff
1284 338 1334 361 cm
1346 325 1512 377 Annuity
1530 329 1574 377 (ff
1588 329 1656 367 Sia:
1672 330 1834 381 shiZlinys

448 381 527 419 and
544 380 761 431 eiyhtpence‚
777 396 823 420 on
839 383 1063 435 resiynation
1082 385 1126 433 by
1139 386 1292 424 Marion
1309 387 1440 437 Ourry,
1455 389 1535 438 unse
1550 391 1594 439 of
1603 392 1702 430 John
1714 394 1828 443 Lomy.

449 442 581 494 —[9th
597 444 734 482 March
754 445 880 495 1507]

376 532 422 568 In
436 532 505 568 Dei
522 533 669 569 nomine
686 532 805 570 Amen
819 547 826 571 :
854 534 924 570 Per
941 534 1008 571 hoc
1024 548 1169 584 presens
1185 537 1370 585 publicum
1395 539 1671 579 instrumentum
1697 546 1833 582 cunctis

300 599 424 644 pateat
450 595 636 632 evidenter
653 600 691 632 et
707 596 756 632 sit
779 601 907 633 notum
925 598 1023 646 quod
1040 611 1134 635 anno
1150 599 1408 637 incarnacionis
1434 601 1621 640 Dominice
1646 606 1833 644 millesimo

301 658 590 707 quingentesimo
625 659 779 706 septimo
805 659 863 695 die
888 671 972 696 vero
997 661 1130 697 mensis
1155 661 1279 710 Marcij
1308 676 1403 699 nono
1428 664 1621 703 indictione
1646 669 1834 707 undecima

301 719 534 769 pontificatus
568 720 782 769 sanctissimj
815 720 855 757 in
885 721 1026 758 Christo
1055 723 1169 771 patris
1198 736 1238 760 ac
1268 724 1405 761 domini
1434 726 1571 764 domini
1599 731 1712 767 nostri
1744 732 1830 781 Julij

302 783 427 820 divina
459 783 691 832 providencia
723 796 815 831 pape
850 784 998 820 secundi
1031 798 1126 821 anno
1156 791 1283 833 quarto
1312 788 1351 824 in
1379 789 1448 837 mej
1476 791 1603 840 notarij
1631 793 1765 841 publici
1800 800 1836 831 et

301 846 452 883 testium
486 846 769 894 subscriptorum
802 847 984 894 presencia
1016 847 1248 895 personaliter
1288 851 1484 887 constituta
1519 854 1668 900 provida
1709 857 1835 893 mulier

302 908 457 945 Mariota
474 907 611 956 Ourrye
637 920 720 944 cum
746 920 920 944 consensu
947 913 983 944 et
1009 921 1154 945 assensu
1178 909 1202 945 J
1204 910 1355 947 ohannis
1379 912 1482 963 Lang
1499 916 1555 951 sui
1572 917 1693 964 sponsi
1709 931 1780 954 non
1797 920 1835 955 vi

304 976 366 1007 aut
396 975 498 1006 metu
528 970 638 1006 ducta
667 983 733 1006 nec
763 983 879 1006 errore
908 970 1008 1018 lapsa
1035 983 1098 1007 seu
1128 971 1210 1007 dolo
1236 972 1477 1012 circumventa
1501 978 1563 1013 sed
1587 991 1652 1015 sua
1676 993 1773 1017 mera
1798 987 1834 1017 et

303 1038 502 1082 spontanea
513 1032 705 1069 voluntate
714 1045 778 1080 per
789 1032 1024 1069 tradicionem
1036 1033 1143 1069 unius
1157 1033 1293 1070 denarii
1303 1047 1443 1073 sursum
1455 1039 1612 1076 reddidit
1623 1054 1780 1091 pureque
1795 1056 1834 1080 ac

304 1095 514 1144 simpliciter
526 1095 725 1143 resignavit
738 1095 777 1130 in
790 1094 956 1131 manibus
969 1095 1104 1131 Thome
1120 1096 1222 1132 Neile
1233 1097 1340 1133 unius
1352 1098 1564 1137 ballivorum
1582 1102 1685 1151 burgi
1696 1104 1740 1140 de
1750 1105 1834 1141 Aire

303 1171 367 1207 pro
384 1163 543 1206 tempore
562 1170 623 1193 sex
641 1157 774 1193 solidos
793 1162 829 1193 et
847 1162 928 1193 octo
946 1157 1109 1194 denarios
1127 1158 1235 1207 annuj
1254 1159 1416 1197 redditus
1433 1164 1618 1199 annuatim
1642 1166 1836 1214 percipien—

305 1221 369 1257 dos
386 1225 423 1258 et
439 1219 610 1256 levandos
628 1219 673 1255 de
689 1224 768 1255 toto
787 1224 824 1255 et
841 1220 982 1268 integro
995 1233 1059 1255 suo
1073 1225 1277 1258 tenemento
1287 1221 1428 1269 jacente
1445 1224 1483 1259 in
1501 1225 1598 1261 dicto
1615 1226 1726 1276 burgo
1743 1228 1837 1264 inter

303 1287 551 1319 tenementum
576 1281 600 1318 J
602 1282 702 1318 acobi
720 1281 836 1330 Ourry
861 1295 906 1318 ex
931 1283 1078 1318 australi
1104 1288 1140 1322 et
1164 1288 1411 1320 tenementum
1436 1286 1616 1333 quondam
1641 1288 1837 1326 Alexandri

307 1344 490 1393 Gampbell
525 1343 569 1380 de
605 1343 911 1391 Skyrrenetoune1
943 1356 987 1380 ex
1020 1344 1146 1382 boriali
1179 1345 1340 1392 partibus
1373 1347 1419 1383 ab
1453 1348 1564 1384 altera
1613 1349 1837 1399 Quaquidem

304 1407 547 1456 resignacione
572 1406 670 1442 facta
695 1411 732 1442 et
757 1419 822 1454 per
845 1407 1028 1455 prefatum
1052 1406 1226 1444 ballivum
1252 1408 1371 1445 debite
1396 1414 1537 1457 recepta
1561 1410 1657 1446 idem
1684 1411 1837 1449 ballivus

306 1469 509 1506 antedictus
535 1473 672 1505 statum
699 1473 736 1504 et
761 1468 916 1505 sasinam
941 1469 1191 1508 hereditariam
1217 1483 1355 1506 necnon
1381 1471 1556 1507 actualem
1581 1474 1837 1520 possessionem

307 1537 343 1569 et
360 1531 577 1581 corporalem
596 1531 641 1567 de
658 1531 765 1567 dictis
783 1544 846 1567 sex
864 1531 987 1567 solidis
1005 1536 1042 1568 et
1060 1536 1140 1567 octo
1158 1532 1312 1568 denariis
1338 1533 1448 1568 annui
1467 1533 1630 1570 redditus
1651 1537 1836 1572 annuatim

306 1594 543 1643 percipiendis
560 1599 597 1630 et
613 1593 778 1630 levandis
796 1593 840 1629 de
858 1598 937 1629 toto
955 1598 992 1629 et
1008 1594 1150 1642 integro
1176 1593 1273 1629 dicto
1299 1598 1504 1631 tenemento
1524 1597 1718 1633 venerabili
1741 1600 1838 1646 patri

305 1657 409 1694 fratri
427 1656 573 1705 Hugonj
595 1656 772 1704 Ramsaye
788 1656 899 1704 priori
915 1655 984 1692 loci
1002 1660 1039 1691 et
1056 1660 1254 1691 conventus
1272 1655 1441 1692 Fratrum
1458 1657 1724 1695 Predicatorum
1750 1660 1838 1696 dicti

307 1719 411 1769 burgi
436 1719 581 1755 nomine
609 1718 754 1754 ecclesie
782 1722 979 1754 conventus
1005 1730 1045 1753 ac
1071 1730 1312 1754 successorum
1340 1719 1532 1755 eorundem
1556 1733 1622 1768 pro
1639 1715 1785 1769 placebo
1803 1728 1838 1758 et

307 1782 420 1831 dirige
438 1781 628 1818 annuatim
649 1780 868 1817 celebrandis
886 1793 968 1816 cum
993 1780 1102 1816 missa
1119 1780 1158 1815 in
1184 1785 1292 1816 cantu
1317 1781 1355 1816 in
1381 1781 1536 1817 crastino
1561 1794 1625 1829 pro
1651 1784 1836 1820 animabus

307 1844 481 1880 Johannis
510 1843 626 1892 Ourry
651 1843 765 1891 patris
794 1842 907 1890 ipsius
935 1841 1087 1878 Mariote
1114 1846 1151 1878 et
1178 1841 1340 1878 Elizabet
1367 1842 1496 1880 mee
1524 1844 1599 1880 eius
1626 1846 1749 1881 matris
1774 1859 1837 1894 per

306 1906 541 1942 tradicionem
568 1906 676 1942 unius
706 1904 844 1941 denarii
873 1909 915 1940 ut
944 1904 1053 1940 moris
1083 1909 1137 1940 est
1163 1904 1313 1940 donavit
1341 1905 1604 1953 imperpetuum
1634 1907 1731 1943 salvo
1757 1907 1837 1955 jure

307 1968 496 2005 cuiuslibet
522 1981 629 2016 super
646 1967 777 2016 quibus
803 1979 889 2002 vero
916 1966 1082 2002 omnibus
1108 1971 1144 2002 et
1169 1966 1319 2014 singulis
1343 1967 1524 2014 premissis
1548 1968 1656 2015 peciit
1680 1969 1837 2016 prefatus

304 2035 406 2079 pater
432 2031 530 2079 prior
548 2043 569 2066 a
586 2043 643 2066 me
661 2029 801 2065 notario
826 2028 970 2076 publico
996 2027 1196 2075 subscripto
1222 2041 1334 2063 unum
1360 2033 1423 2064 aut
1447 2028 1550 2076 plura
1574 2030 1757 2077 publicum
1775 2044 1837 2067 seu

306 2092 449 2141 publica
482 2093 767 2128 instrumentum
796 2090 857 2126 vel
886 2090 1127 2126 instrumenta
1156 2089 1224 2125 sibi
1252 2089 1326 2137 fierj
1379 2089 1472 2125 Acta
1502 2095 1603 2126 erant
1635 2091 1700 2128 hec
1734 2105 1840 2140 super

305 2155 421 2191 solum
438 2154 529 2191 dicti
546 2153 747 2191 tenementi
766 2153 856 2189 hora
881 2153 993 2188 tercia
1015 2156 1097 2200 post
1122 2151 1307 2187 meridiem
1332 2150 1390 2186 vel
1416 2164 1457 2186 ea
1482 2152 1573 2187 circa
1599 2165 1692 2189 anno
1717 2167 1837 2191 mense

305 2218 363 2254 die
391 2218 589 2254 indictione
616 2222 653 2253 et
679 2215 895 2264 pontificatu
920 2214 1050 2263 quibus
1081 2226 1187 2261 supra
1215 2212 1440 2261 presentibus
1470 2213 1603 2250 ibidem
1632 2215 1837 2253 Alexandro

304 2280 469 2329 Boyman
500 2280 655 2328 Georgio
687 2278 872 2326 Oampbell
907 2277 1062 2326 Hugone
1096 2274 1251 2313 RoHand
1280 2274 1581 2323 conburgensibus
1611 2276 1699 2313 dicti
1732 2277 1837 2327 burgi

305 2342 449 2379 domino
469 2342 595 2379 Golino
621 2341 770 2377 Masone
794 2339 976 2388 capellano
1004 2343 1041 2375 et
1067 2338 1206 2386 Rogero
1234 2336 1408 2373 Sehankis
1435 2338 1586 2374 testibus
1604 2339 1650 2375 ad
1666 2341 1837 2387 premissa

304 2406 441 2443 vocatis
458 2405 594 2454 pariter
612 2408 649 2440 et
666 2403 811 2452 rogatis.

379 2469 429 2506 Et
447 2481 512 2517 ego
530 2480 616 2503 vero
634 2465 659 2502 J
660 2465 811 2502 ohannis
827 2464 931 2501 Faire
949 2463 1123 2513 presbiter
1150 2461 1380 2511 Glasguensis
1398 2461 1547 2499 diocesis
1570 2462 1649 2512 (etc.
1669 2465 1708 2501 in
1725 2465 1838 2503 forma

456 2543 638 2568 communl
657 2559 664 2566 .

640 2528 653 2578 )
713 2588 723 2604 ²
738 2588 909 2619 Robertson's
922 2589 1049 2626 Ayrshire
1061 2588 1196 2623 Familias,
1210 2587 1263 2615 vol.
1275 2587 1314 2615 iii.
1326 2596 1352 2624 p.
1369 2591 1381 2615 1
1389 2591 1433 2616 10.

1064 2653 1086 2678 L
