2130 2962
305 200 344 229 82
561 199 776 231 CHARTERs
800 201 851 232 OF
873 202 956 232 THE
977 200 1126 232 FRIARS
1148 199 1394 231 PREAOHERS
1418 200 1469 231 OF
1492 200 1587 231 AYR.

303 293 486 330 Andream
503 294 628 331 Lathis
646 295 780 332 ordinis
794 296 960 333 Fratrum
974 297 1245 333 Predicatorum
1261 294 1329 331 filii
1346 299 1383 330 et
1399 294 1540 330 heredis
1558 294 1740 343 quondam
1756 294 1838 330 Ade

304 357 430 393 Lathis
457 362 593 394 statum
619 363 655 395 et
680 359 834 396 sasinam
860 360 1112 396 hereditariam
1137 370 1277 395 necnon
1302 356 1479 393 actualem
1512 356 1773 404 possessionem
1803 361 1840 392 et

305 420 522 468 corporalem
539 420 584 457 de
602 420 728 458 boriali
753 427 854 470 parte
877 423 966 458 dicti
991 421 1189 458 tenementi
1207 433 1289 456 cum
1314 419 1503 467 posteriori
1527 423 1630 466 parte
1653 418 1722 454 sibi
1739 431 1840 466 spec-

304 487 407 518 tante
424 482 521 518 dicto
538 483 643 519 fratri
659 483 802 520 Andree
824 484 903 532 jure
920 484 1135 520 hereditario
1152 496 1215 531 per
1232 487 1326 518 terre
1344 486 1381 517 et
1397 481 1526 529 lapidis
1543 481 1779 517 tradicionem
1795 485 1838 517 ut

305 545 414 580 moris
432 550 486 581 est
499 545 648 582 donavit
660 546 924 594 imperpetuum
938 546 1036 581 salvo
1050 545 1132 593 jure
1150 544 1342 580 cuiuslibet
1360 543 1430 586 Qui
1447 556 1531 579 vero
1549 543 1659 579 frater
1675 543 1838 579 Andreas

305 619 378 643 non
395 607 434 643 vi
460 612 524 643 aut
549 613 648 644 metu
674 608 804 644 ductus
829 621 894 644 nec
912 620 1028 644 errore
1053 607 1174 655 lapsus
1200 619 1264 642 seu
1289 605 1372 641 dolo
1399 605 1664 642 circumventus
1684 605 1747 642 sed
1773 618 1838 642 sua

305 682 403 705 mera
420 674 456 706 et
473 675 670 717 spontanea
687 670 875 707 voluntate
892 682 956 717 per
972 669 1105 705 fustem
1125 673 1161 704 et
1186 668 1356 704 baculum
1381 680 1522 703 sursum
1547 667 1707 704 reddidit
1731 680 1836 716 pure-

305 744 374 779 que
408 744 449 767 ac
483 732 691 779 simpliciter
724 732 919 779 resignavit
952 732 991 766 in
1016 731 1182 767 manibus
1218 730 1392 766 antedicti
1426 729 1550 766 ballivi
1584 734 1700 766 totam
1733 743 1836 766 suam

304 793 473 829 borialem
509 799 649 842 partem
679 794 768 830 dicti
802 807 884 830 cum
916 799 1017 842 parte
1051 794 1239 842 posteriori
1281 793 1350 829 sibi
1383 798 1567 841 spectante
1609 793 1835 842 Quaquidem

303 856 544 904 resignacione
577 856 627 891 sic
661 856 757 892 facta
799 861 836 892 et
870 861 1012 904 recepta
1051 856 1212 904 prefatus
1245 856 1400 892 ballivus
1438 860 1574 892 statum
1608 861 1644 892 et
1678 856 1834 893 sasinam

303 917 555 953 hereditariam
577 931 717 954 necnon
735 918 912 953 actualem
936 918 1195 965 possessionem
1213 922 1249 953 et
1275 917 1491 965 corporalem
1517 917 1714 954 venerabili
1737 918 1834 966 patri

303 980 405 1015 fratri
422 979 446 1015 J
447 979 555 1015 acobo
573 979 679 1028 Yong
694 980 804 1027 priori
826 980 895 1015 loci
913 985 949 1015 et
967 984 1165 1015 conventus
1183 979 1353 1015 Fratrum
1372 978 1641 1016 Predicatorum
1666 980 1771 1029 burgi
1788 981 1833 1017 de

302 1041 368 1076 Air
401 1041 545 1077 nomine
579 1045 616 1076 et
642 1041 855 1076 auctoritate
880 1040 949 1076 Dei
975 1041 1230 1088 omnipotentis
1261 1046 1298 1076 et
1325 1041 1475 1089 gloriose
1500 1042 1649 1090 virginis
1679 1042 1833 1079 Katrine

301 1109 451 1151 patrone
469 1104 557 1139 dicti
577 1103 647 1139 loci
673 1108 870 1139 conventus
889 1109 925 1139 et
951 1116 1191 1139 suceessorum
1218 1103 1411 1140 eorundem
1429 1103 1473 1139 de
1490 1108 1567 1139 tota
1584 1104 1682 1140 dicta
1705 1104 1833 1141 boriali

301 1170 404 1213 parte
422 1166 510 1202 dicti
527 1166 725 1202 tenementi
742 1178 823 1201 cum
839 1165 1027 1213 posteriori
1044 1170 1145 1213 parte
1163 1165 1232 1201 sibi
1248 1170 1433 1213 spectante
1450 1177 1514 1212 per
1530 1170 1623 1201 terre
1641 1170 1677 1201 et
1701 1166 1832 1214 lapidis

300 1227 532 1263 traditionem
554 1232 597 1263 ut
622 1227 730 1262 moris
754 1231 808 1262 est
825 1226 975 1262 donavit
991 1227 1256 1274 imperpetuum
1282 1227 1381 1262 salvo
1403 1227 1484 1275 jure
1511 1227 1701 1264 cuiuslibet
1719 1227 1833 1276 Super
1885 1257 1892 1263 .

301 1289 431 1337 quibus
448 1302 532 1325 vero
554 1289 719 1325 omnibus
738 1293 774 1324 et
800 1288 950 1337 singulis
969 1289 1019 1325 sic
1044 1289 1226 1336 premissis
1252 1290 1362 1337 peciit
1387 1289 1547 1337 prefatus
1572 1294 1675 1338 pater
1699 1291 1796 1338 prior
1812 1303 1833 1327 a

301 1364 359 1387 me
379 1351 517 1387 notario
542 1351 687 1398 publico
705 1350 904 1398 subscripto
922 1364 1036 1386 unum
1054 1356 1116 1387 aut
1133 1351 1237 1398 plura
1253 1351 1440 1399 publicum
1458 1364 1520 1388 seu
1537 1352 1682 1399 publica
1698 1352 1832 1389 instru-

300 1418 463 1449 mentum
479 1413 538 1449 vel
563 1413 802 1448 instrumenta
826 1412 894 1448 sibi
911 1412 989 1448 fieri
1031 1412 1124 1448 Acta
1146 1418 1246 1448 erant
1271 1413 1336 1448 hec
1362 1426 1469 1461 super
1486 1413 1601 1449 solum
1627 1413 1717 1449 dicti
1733 1418 1833 1450 tene-

300 1475 414 1510 menti
439 1475 526 1510 hora
551 1475 661 1510 tercia
685 1479 767 1522 post
784 1474 969 1510 meridiem
986 1474 1045 1510 vel
1063 1487 1103 1510 ea
1120 1475 1211 1510 circa
1231 1487 1324 1510 anno
1342 1487 1463 1510 mense
1489 1475 1547 1510 die
1571 1475 1769 1512 indictione
1797 1480 1833 1512 et

300 1536 513 1585 pontificatu
547 1537 677 1584 quibus
716 1548 823 1583 supra
858 1535 1083 1583 presentibus
1118 1536 1253 1571 ibidem
1286 1536 1555 1572 honorabilibus
1591 1537 1678 1572 viris
1711 1537 1832 1573 Adam

301 1598 434 1634 Walles
470 1598 514 1634 de
544 1598 744 1634 Newtoune
779 1597 958 1644 preposito
985 1597 1073 1632 dicti
1103 1597 1206 1645 burgi
1235 1610 1300 1644 pro
1333 1603 1494 1645 tempore
1528 1598 1553 1634 J
1554 1599 1695 1635 ohanne
1728 1599 1832 1647 Lang

300 1659 324 1695 J
327 1659 465 1695 ohanne
492 1659 724 1695 Fullartoune
751 1658 887 1693 Thoma
903 1658 1101 1693 Thomsone
1128 1658 1264 1693 Thoma
1281 1658 1383 1707 Lang
1407 1659 1711 1708 conburgensibus
1741 1661 1831 1697 dicti

300 1721 406 1769 burgi
433 1725 470 1756 et
496 1720 639 1756 domino
665 1719 845 1755 Willelmo
874 1720 965 1756 Reid
991 1720 1173 1767 capellano
1200 1733 1240 1756 ac
1265 1722 1406 1757 notario
1431 1722 1574 1769 publico
1604 1722 1757 1759 testibus
1784 1723 1831 1759 ad

300 1782 472 1830 premissa
488 1782 624 1818 vocatis
641 1781 774 1829 pariter
791 1786 827 1817 et
844 1782 986 1830 rogatis.

376 1856 424 1892 Et
458 1869 523 1904 ego
552 1868 636 1891 vero
666 1855 690 1891 J
692 1855 847 1891 ohannes
880 1854 965 1890 Fair
993 1855 1181 1903 presbyter
1215 1855 1446 1904 Glasguensis
1480 1857 1630 1894 diocesis
1663 1858 1830 1907 publicus

451 1917 644 1965 apostolica
662 1922 698 1953 et
714 1917 811 1966 regia
828 1917 1101 1953 auctoritatibus
1119 1917 1278 1953 notarius
1297 1923 1362 1956 eto.

960 2061 1161 2098 ABSTRAor.

375 2156 600 2192 Instrument
618 2154 657 2191 of
673 2154 796 2191 Sasine
812 2154 1026 2203 proeeeding
1044 2167 1090 2190 on
1106 2154 1327 2203 resignation
1347 2154 1398 2202 by
1413 2154 1501 2191 friar
1517 2155 1677 2194 Andrew
1694 2156 1832 2205 Lathis,

302 2231 366 2255 son
383 2218 455 2254 and
471 2218 547 2254 heir
565 2217 604 2253 of
625 2216 689 2253 the
710 2217 881 2253 deceased
897 2216 1015 2253 Adam
1033 2216 1168 2260 Latius,
1188 2216 1228 2252 of
1247 2229 1269 2253 a
1293 2222 1477 2254 tenement
1500 2218 1539 2254 in
1565 2219 1629 2256 the
1654 2220 1772 2270 burgh
1798 2221 1839 2259 of

299 2281 386 2329 Ayr,
404 2281 444 2317 in
460 2280 523 2317 the
539 2279 748 2328 Woodgate,
765 2279 926 2316 between
943 2279 1005 2315 the
1021 2283 1206 2315 tenement
1223 2279 1263 2314 of
1281 2278 1344 2315 the
1363 2279 1535 2317 deceased
1553 2281 1692 2318 Martin
1709 2283 1834 2332 Bayne

300 2357 346 2380 on
372 2343 435 2379 the
460 2343 566 2379 south
597 2342 669 2378 and
697 2342 780 2378 that
809 2341 848 2378 of
875 2341 1027 2377 Thomas
1053 2341 1076 2377 J
1079 2341 1144 2377 elle
1174 2354 1221 2377 on
1250 2341 1313 2377 the
1342 2342 1460 2387 north,
1491 2343 1531 2379 in
1556 2343 1685 2381 favour
1709 2345 1750 2382 of
1770 2346 1834 2383 the

300 2410 456 2442 convent
474 2405 514 2442 of
526 2405 589 2441 the
607 2405 726 2441 Friars
743 2404 935 2440 Preachers
953 2403 992 2440 of
1009 2403 1097 2452 Ayr,
1116 2416 1162 2439 on
1179 2403 1298 2440 whose
1324 2404 1449 2441 behals
1470 2406 1567 2442 their
1591 2407 1689 2455 prior
1712 2406 1737 2444 J
1738 2420 1835 2445 ames

299 2467 431 2516 Young
447 2467 607 2506 received
625 2468 742 2504 Sasine
762 2466 910 2503 thereos.
961 2464 1080 2503 Dated
1096 2465 1183 2503 lOth
1199 2465 1289 2514 May
1309 2470 1414 2505 1518.
