2130 2962
550 206 770 238 CHARTERS
793 208 845 239 OF
867 208 951 238 THE
973 208 1123 239 FRIARS
1144 209 1387 241 PREACHERS
1411 210 1462 241 OF
1484 210 1579 242 AYR.
1794 213 1830 242 91

964 324 1166 363 ABSTRAOT.

366 412 533 449 Notarial
559 426 653 462 copy
671 414 712 450 of
734 413 836 450 Brief
857 412 907 461 by
925 412 1022 462 Pope
1048 413 1122 449 Leo
1148 414 1210 450 the
1236 414 1363 459 Tenth,
1380 421 1418 452 to
1443 417 1506 453 the
1531 421 1665 453 master
1689 417 1832 466 general

291 476 365 512 and
376 476 482 512 friars
501 476 540 512 of
550 476 612 512 the
626 476 819 512 Predieant
832 476 945 519 order,
965 476 1136 525 granting
1146 481 1185 512 to
1202 477 1312 521 them,
1328 490 1376 513 on
1389 478 1451 514 the
1464 484 1607 527 request
1621 479 1661 515 of
1674 479 1829 524 Nicolas,

290 538 419 587 bishop
446 538 486 574 of
508 538 614 582 Alba,
636 539 796 575 cardinal
820 543 1003 587 protector
1031 538 1070 574 of
1093 539 1155 575 the
1180 539 1258 575 said
1284 540 1396 584 order,
1421 541 1556 577 similar
1578 542 1767 590 privileges
1792 547 1832 579 to

291 601 394 639 those
413 601 568 650 enjoyed
586 601 635 649 by
652 601 716 637 the
733 601 853 637 Friars
880 600 1019 637 Minors
1037 601 1076 637 in
1093 602 1220 650 regard
1245 607 1284 638 to
1310 602 1372 638 the
1398 602 1612 639 observance
1638 603 1678 639 of
1700 605 1833 640 certain

291 665 385 701 feast
403 664 493 712 days
515 664 553 700 in
570 669 688 700 towns
715 676 755 699 or
779 663 900 711 places
921 663 1037 699 under
1060 663 1311 700 eeclesiastical
1336 665 1507 701 interdict
1518 678 1528 708 ;
1555 678 1593 701 so
1611 666 1691 703 that
1708 680 1755 703 on
1771 668 1834 704 the

292 727 403 764 feasts
417 726 457 763 of
478 726 540 763 Sts·
554 726 736 769 Dominic,
755 725 863 761 Peter
876 725 1029 773 Martyr,
1049 726 1203 762 Thomas
1219 725 1394 775 Aquinas,
1414 727 1484 764 and
1504 726 1672 773 Vincent,
1690 730 1761 765 and
1780 730 1831 767 St.

294 789 484 826 Catherine
499 788 538 824 of
554 788 671 831 Siena,
691 788 797 824 when
809 787 898 836 they
916 788 1046 824 should
1060 801 1164 825 occur
1180 789 1219 825 in
1237 789 1324 825 such
1341 794 1457 825 towns
1471 802 1510 825 or
1521 790 1649 838 places,
1664 791 1694 827 it
1707 791 1835 828 should

292 852 338 888 be
357 851 482 888 lawful
499 856 537 887 to
556 850 734 887 celebrate
752 850 875 886 divine
893 851 1028 886 service
1046 851 1085 886 in
1110 851 1172 887 the
1190 851 1362 887 churches
1380 852 1420 888 of
1441 852 1504 888 the
1522 858 1695 889 convents
1713 853 1753 889 of
1773 854 1835 891 the

294 915 414 951 Friars
439 913 643 957 Preachers,
660 913 724 949 the
741 912 832 948 bells
849 912 958 961 being
974 926 1069 962 rung
1086 913 1159 949 and
1184 914 1246 950 the
1272 913 1376 950 doors
1397 914 1543 962 opened,
1560 914 1628 951 but
1645 916 1836 965 excluding

294 977 399 1014 those
416 976 497 1012 who
515 989 609 1012 were
626 975 833 1024 personally
845 975 1063 1011 interdicted
1080 988 1120 1011 or
1137 976 1479 1012 excommunicated.
1525 976 1642 1014 Given
1660 984 1698 1016 at
1712 979 1834 1025 Rome,

296 1045 335 1077 at
353 1039 396 1076 St
413 1038 559 1083 Peter'S‚
579 1038 695 1074 under
712 1038 775 1074 the
792 1038 875 1087 ring
893 1037 932 1073 of
946 1038 1008 1073 the
1025 1037 1055 1073 F
1057 1038 1245 1081 isherman,
1265 1038 1338 1074 23d
1353 1038 1378 1074 J
1379 1038 1443 1086 uly
1463 1042 1569 1076 1518.

298 1219 356 1254 58.
385 1213 517 1251 Sasine
534 1213 575 1250 in
589 1213 733 1261 favour
758 1212 804 1262 qf
822 1213 878 1249 the
904 1212 1039 1249 Friars
1058 1212 1272 1258 Preachers,
1291 1213 1336 1262 qf
1354 1213 1411 1249 the
1444 1213 1630 1251 Walkmill
1652 1215 1838 1264 belonyiny

449 1283 484 1312 to
513 1274 643 1312 Adam
679 1275 842 1312 Wallace
872 1276 919 1324 qf
938 1275 1127 1319 Newtoun,
1159 1274 1259 1323 Zyiny
1285 1275 1327 1311 in
1350 1275 1407 1312 the
1433 1275 1652 1325 Borowfield
1679 1278 1723 1326 qf
1743 1277 1835 1326 Ayr.

447 1337 606 1389 -[29th
622 1338 815 1386 February
836 1335 962 1386 1524.]

374 1443 419 1479 In
438 1442 507 1479 Dei
524 1441 671 1477 nomine
688 1440 828 1476 Amen:
856 1439 926 1475 Per
942 1439 1009 1474 hoc
1035 1450 1176 1486 presens
1193 1437 1378 1486 publicum
1403 1437 1683 1489 instrumentum
1701 1441 1839 1476 cunctis

299 1510 423 1555 pateat
441 1505 630 1541 evidenter
648 1508 684 1540 et
703 1503 751 1539 sit
768 1506 898 1538 notum
920 1500 1018 1549 quod
1043 1513 1138 1536 anno
1164 1500 1422 1536 incarnacionis
1439 1500 1627 1537 Dominice
1650 1502 1840 1538 millesimo

300 1568 591 1618 quingentesimo
608 1565 778 1602 vicesimo
797 1568 925 1612 quarto
943 1563 1001 1599 die
1017 1575 1103 1598 vero
1120 1562 1253 1598 mensis
1278 1561 1460 1610 Februarij
1490 1562 1617 1599 ultimo
1642 1564 1841 1601 indiccione

300 1631 439 1668 decima
466 1630 579 1666 tercia
608 1627 843 1677 pontificatus
874 1625 1091 1662 sanctissimi
1116 1624 1155 1659 in
1184 1624 1325 1660 Christo
1355 1624 1466 1672 patris
1493 1637 1534 1660 ac
1561 1625 1698 1662 domini
1727 1627 1843 1663 nostri

301 1693 441 1730 domini
472 1691 669 1728 Clementis
699 1689 824 1725 divina
848 1687 1082 1737 providencia
1110 1699 1202 1734 pape
1228 1686 1374 1734 septimi
1400 1699 1493 1722 anno
1519 1687 1674 1723 secundo
1703 1688 1743 1724 in
1772 1689 1844 1724 mei

300 1756 432 1793 notarii
458 1754 595 1803 publici
614 1758 651 1789 et
668 1752 819 1788 testium
845 1750 1126 1798 subscriptorum
1151 1749 1345 1796 preseneiis
1369 1749 1602 1796 personaliter
1628 1750 1845 1786 constitutus

301 1818 421 1855 Adam
448 1817 607 1853 Wallace
635 1815 680 1851 de
708 1815 891 1851 Newtoun
918 1813 1170 1849 aldermannus
1198 1811 1242 1847 de
1269 1810 1354 1847 Aire
1371 1823 1435 1859 pro
1461 1815 1620 1859 tempore
1637 1824 1709 1847 non
1726 1812 1765 1848 vi
1782 1818 1846 1849 aut

301 1886 402 1918 metu
421 1880 553 1916 ductus
579 1891 646 1914 nee
675 1890 790 1913 errore
817 1877 939 1924 lapsus
967 1887 1029 1910 seu
1057 1873 1139 1909 dolo
1167 1874 1434 1909 circumventus
1461 1873 1525 1908 sed
1551 1886 1616 1908 sua
1642 1886 1738 1909 mera
1754 1886 1846 1922 pura

301 1944 414 1981 libera
444 1948 481 1979 et
512 1946 713 1990 spontanea
745 1939 934 1975 voluntate
962 1949 1003 1972 ac
1031 1935 1259 1983 utilitateque
1287 1947 1352 1970 sua
1377 1934 1477 1982 prius
1510 1934 1669 1982 undique
1702 1935 1781 1971 visa
1809 1941 1846 1972 et

301 2011 453 2056 pensata
482 2010 604 2041 totum
631 2008 668 2039 et
693 2003 877 2050 integrum
906 2011 1011 2035 suum
1041 1997 1288 2033 molendinum
1317 1996 1587 2033 fullonatorium
1613 1997 1781 2033 videlicet
1806 1997 1846 2045 ly

302 2068 504 2117 Walkmyll
522 2080 604 2104 cum
622 2064 855 2115 pertinenciis
872 2061 991 2111 quoad
1009 2059 1155 2096 feodum
1181 2058 1340 2094 eiusdem
1361 2058 1484 2106 jacens
1509 2059 1603 2094 infra
1627 2059 1847 2095 territorium

303 2133 394 2171 dicti
419 2131 526 2180 burgi
547 2131 586 2165 in
611 2129 651 2177 ly
677 2125 893 2164 Borowfeild
916 2123 1076 2160 eiusdem
1103 2121 1237 2170 Kingis
1264 2120 1360 2168 Kyle
1385 2126 1421 2156 et
1446 2121 1539 2156 infra
1556 2121 1844 2158 vicecomitatum

303 2196 349 2233 de
366 2195 453 2231 Aire
470 2195 565 2230 inter
582 2197 696 2227 terras
714 2189 759 2226 de
777 2186 999 2236 Holmyshill
1018 2185 1062 2221 ab
1080 2197 1153 2220 una
1170 2188 1206 2219 et
1223 2196 1352 2231 aquam
1370 2182 1414 2218 de
1431 2182 1517 2219 Aire
1535 2183 1579 2219 ab
1597 2183 1708 2219 altera
1733 2185 1844 2232 parti-

302 2259 370 2296 bus
394 2259 434 2294 in
451 2255 619 2293 manibus
637 2252 782 2302 providi
807 2251 877 2288 viri
903 2248 1048 2286 Ricardi
1074 2246 1165 2283 Reid
1190 2246 1297 2282 unius
1325 2245 1540 2281 ballivorum
1566 2245 1654 2281 dicti
1678 2245 1784 2295 burgi
1802 2246 1847 2283 de

302 2322 390 2358 Aire
408 2334 473 2369 pro
491 2325 654 2366 tempore
673 2327 829 2351 unacum
847 2312 1004 2362 quadam
1021 2310 1122 2359 pecia
1137 2313 1230 2345 terre
1256 2308 1353 2344 dicto
1379 2307 1584 2343 molendino
1610 2312 1794 2355 spectante
1812 2314 1849 2345 et

303 2384 509 2434 pertinente
534 2385 572 2416 et
589 2377 741 2427 piscaria
767 2376 970 2412 salmonum
988 2373 1033 2409 de
1058 2371 1168 2408 croeis
1185 2371 1225 2406 in
1247 2370 1285 2417 ly
1303 2368 1464 2417 myldam
1482 2369 1641 2405 eiusdem
1662 2383 1726 2418 per
1742 2370 1850 2408 fustis

303 2455 342 2486 et
358 2447 479 2485 baculi
497 2443 737 2482 tradicionem
754 2444 796 2475 ut
813 2438 921 2474 moris
949 2442 1003 2473 est
1021 2447 1161 2471 sursum
1186 2432 1345 2469 reddidit
1370 2444 1529 2480 pureque
1547 2436 1584 2468 et
1600 2432 1811 2481 simpliciter
1829 2447 1850 2470 a

303 2524 342 2549 se
361 2516 397 2548 et
414 2507 607 2546 heredibus
627 2503 702 2541 suis
728 2514 793 2550 pro
819 2501 1045 2549 imperpetuo
1064 2495 1261 2546 resignavit
1287 2499 1323 2531 et
1340 2494 1407 2530 hoc
1429 2494 1468 2530 in
1493 2494 1653 2531 favorem
1681 2495 1852 2533 Fratrum
