2130 2962
310 216 348 246 18
557 215 771 247 OHARTERS
794 215 846 246 OF
868 216 951 246 THE
972 215 1121 246 FRIARS
1143 213 1388 245 PREAOHERS
1412 213 1463 244 OF
1485 213 1579 244 AYR.

307 310 365 346 vel
381 323 541 347 mearum
557 324 579 347 a
596 311 693 348 dicta
718 311 822 347 domo
847 316 883 347 et
908 315 1088 348 conventu
1115 309 1252 359 aliquid
1278 308 1419 357 exigere
1444 312 1628 356 presumat
1653 307 1724 343 nisi
1747 306 1840 343 solas

308 374 486 410 oraciones
520 374 566 410 ad.
596 374 747 410 salutem
773 374 973 410 animarum
1003 374 1052 410 Et
1081 373 1233 421 predicti
1262 372 1391 408 fratres
1426 375 1464 406 et
1494 375 1695 407 conventus
1728 369 1840 406 michi

308 443 556 474 concesserunt
572 438 611 474 in
628 443 728 486 parte
746 438 1020 474 sustentacionis
1045 450 1123 473 mee
1150 450 1272 473 omnes
1295 435 1475 484 predictas
1491 439 1604 469 terras
1621 438 1658 469 et
1674 432 1840 468 redditus

305 500 477 536 annuales
503 513 584 536 cum
606 500 766 548 predicta
789 500 941 548 piscaria
965 504 1043 536 toto
1069 505 1229 547 tempore
1255 499 1331 535 vite
1360 510 1439 533 mee
1465 495 1638 532 soluendo
1668 494 1840 543 predictis

308 561 431 597 domui
456 567 492 598 et
518 562 687 598 fratribus
713 562 900 598 annuatim
926 562 1114 597 duodecim
1140 561 1302 597 denarios
1328 561 1367 596 in
1389 559 1536 595 nomine
1553 557 1656 593 firme
1674 557 1840 593 annualis

307 624 465 671 predicte
491 629 583 660 terre
609 629 644 660 et
670 623 830 659 redditus
847 624 1017 659 annuales
1041 636 1122 659 cum
1147 623 1310 671 predicta
1334 622 1488 670 piscaria
1506 620 1642 657 eisdem
1660 620 1785 656 domui
1803 625 1840 656 et

306 686 475 722 fratribus
488 686 596 722 libere
609 691 644 722 et
657 686 775 734 quiete
788 690 1006 721 revertentes
1019 686 1096 721 sine
1109 686 1230 734 aliquo
1247 689 1493 721 retenemento
1506 684 1566 720 vel
1578 682 1838 731 impedimento

306 748 377 784 mei
391 749 446 784 vel
459 761 619 784 meorum
636 747 806 783 heredum
824 761 886 784 seu
903 748 1165 796 assignatorum
1182 748 1241 784 vel
1258 753 1464 783 nostrorum
1480 746 1654 782 heredum
1673 750 1838 781 tutorum

307 822 386 845 cum
406 810 449 845 de
467 822 523 845 me
539 809 648 845 fuerit
664 809 873 844 humanitus
891 809 1127 858 adimpletum
1153 810 1205 845 ita
1230 809 1327 857 quod
1343 822 1409 845 nec
1427 821 1493 857 ego
1510 821 1576 844 nec
1593 808 1741 844 heredes
1759 821 1837 844 mee

305 883 371 906 nec
392 871 519 919 aliquis
541 871 684 907 nomine
714 876 835 907 nostro
865 871 1024 907 decetero
1055 872 1201 919 aliquod
1220 871 1281 919 jus
1304 871 1364 907 vel
1394 871 1571 907 clameum
1596 871 1636 906 in
1665 870 1838 918 predictis

305 933 407 968 terris
424 938 460 968 et
472 933 671 968 redditibus
684 932 896 968 annualibus
908 938 990 980 post
1007 933 1190 969 decessum
1203 946 1324 969 meum
1337 934 1564 981 imponemus
1576 945 1643 969 nec
1656 933 1838 981 imponere

305 995 595 1042 manucapiemus
612 994 660 1029 Et
677 994 707 1029 si
724 994 843 1041 aliquo
862 1007 946 1030 casu
964 996 1195 1044 contingente
1213 996 1310 1044 quod
1330 996 1425 1032 absit
1451 995 1549 1043 quod
1575 995 1763 1044 contingat
1779 1008 1837 1032 me

304 1056 362 1090 vel
380 1056 533 1103 aliquem
550 1060 613 1091 aut
630 1056 786 1103 aliquam
803 1056 975 1092 heredum
991 1069 1152 1092 meorum
1169 1057 1227 1093 vel
1244 1070 1404 1093 mearum
1422 1070 1486 1093 seu
1499 1058 1762 1106 assignatorum
1779 1058 1838 1095 vel

303 1122 505 1153 nostrorum
531 1117 704 1153 heredum
729 1122 866 1153 tutores
892 1118 930 1153 in
954 1119 1137 1166 premissis
1160 1119 1269 1155 istam
1295 1119 1466 1155 devotam
1489 1120 1725 1156 donacionem

302 1184 483 1226 presumat
508 1179 667 1215 anullare
693 1192 737 1214 ex
761 1192 858 1215 nunc
874 1191 939 1227 pro
965 1185 1053 1216 tunc
1070 1180 1205 1216 subicio
1231 1181 1486 1229 memetipsum
1511 1181 1659 1218 heredes
1676 1195 1774 1219 meos
1801 1188 1837 1220 et

303 1240 499 1288 assignatos
517 1253 557 1276 ac
573 1246 776 1276 nostrorum
792 1241 963 1277 heredum
980 1246 1118 1277 tutores
1144 1242 1387 1278 iurisdiccioni
1405 1245 1645 1292 compulcioni
1663 1250 1700 1281 et
1717 1245 1837 1282 coher-

303 1302 397 1338 cioni
414 1303 570 1350 episcopi
587 1303 818 1351 Glasguensis
834 1303 893 1339 vel
911 1304 986 1340 eius
1004 1304 1164 1342 officialis
1182 1306 1245 1354 qui
1261 1319 1327 1354 pro
1344 1312 1506 1355 tempore
1523 1307 1633 1344 fuerit
1651 1308 1750 1356 quod.
1766 1309 1837 1357 ipsi

301 1364 359 1400 vel
384 1365 475 1400 alter
501 1377 623 1400 eorum
648 1365 786 1413 possint
811 1365 869 1401 vel
894 1367 1008 1414 possit
1025 1380 1082 1403 me
1099 1368 1246 1404 heredes
1272 1381 1370 1405 meos
1389 1363 1428 1406 etv
1443 1370 1644 1418 assignatos
1661 1371 1737 1407 sive
1754 1384 1835 1408 nos-

300 1431 436 1462 trorum
453 1426 623 1462 heredum
640 1431 775 1463 tutores
793 1428 1002 1475 compellere
1019 1429 1095 1465 sola
1111 1430 1330 1478 inspectione
1348 1433 1573 1480 presencium
1590 1434 1697 1469 unica
1714 1438 1837 1470 tamen

301 1488 500 1524 monicione
517 1488 690 1535 premissa
707 1489 754 1524 ad
771 1489 982 1526 solvendum
1000 1496 1145 1527 centum
1158 1505 1293 1529 marcas
1311 1495 1576 1544 sterlyngorum
1592 1495 1680 1532 boni
1697 1497 1838 1545 argenti

301 1550 339 1585 in
355 1550 446 1585 festo
465 1550 564 1586 beate
577 1550 749 1586 Katerine
763 1551 912 1599 virginis
929 1552 1024 1588 infra
1041 1559 1161 1589 ortum
1178 1555 1262 1591 solis
1280 1561 1317 1592 et
1335 1569 1498 1593 occasum
1515 1558 1624 1594 unius
1642 1558 1715 1594 diei
1733 1572 1839 1607 super

301 1624 430 1659 magno
449 1612 551 1648 altari
568 1612 663 1647 dicte
680 1612 783 1648 beate
800 1613 971 1649 Katerine
984 1615 1133 1663 virginis
1146 1629 1210 1663 per
1222 1619 1440 1655 sentenciam
1454 1621 1837 1658 excommunicacionis

302 1673 347 1708 de
372 1673 430 1708 die
455 1674 492 1708 in
518 1673 614 1709 diem
638 1674 677 1709 in
702 1686 869 1721 personas
894 1681 1035 1712 nostras
1060 1679 1321 1727 promulgando
1351 1693 1433 1717 cum
1460 1681 1527 1718 hoc
1556 1683 1837 1720 nichilhominus

302 1735 464 1783 obligans
489 1748 546 1771 me
571 1735 717 1771 heredes
741 1748 839 1771 meos
869 1741 905 1772 et
930 1737 1130 1786 assignatos
1158 1740 1234 1776 sive
1261 1746 1467 1779 nostrorum
1497 1744 1670 1781 heredum
1699 1751 1837 1783 tutores

301 1797 449 1832 nomine·
460 1809 550 1844 pene
568 1797 613 1833 ad
626 1797 835 1833 solvendum
847 1798 977 1835 fabrice
996 1800 1140 1837 ecclesie
1158 1801 1390 1851 Glasguensis
1403 1806 1537 1855 viginti
1553 1808 1664 1845 libras
1681 1810 1836 1858 sterlyn-

302 1869 427 1905 gorum
445 1863 636 1906 antequam
662 1859 871 1907 incipiemus
897 1860 1051 1908 aliquem
1075 1875 1280 1909 processum
1305 1866 1392 1903 iuris
1419 1869 1479 1904 vel
1496 1871 1641 1918 querela
1657 1877 1781 1909 nostra
1798 1873 1837 1909 in

302 1919 422 1967 aliqua
451 1921 548 1956 curia
582 1922 751 1957 canonica
780 1922 839 1957 vel
868 1923 967 1958 civili
996 1925 1209 1961 exaudietur
1238 1928 1298 1963 vel
1327 1929 1628 1969 determinabitur
1658 1948 1740 1971 011111
1769 1936 1837 1973 hoc

301 1982 541 2018 renunciando
566 1983 663 2019 omni
688 1984 775 2019 iuris
793 1985 926 2020 auxilio
943 1990 1020 2021 tam
1046 1987 1161 2023 civilis
1178 2001 1288 2037 quam
1306 1993 1468 2030 canonici
1489 1994 1538 2031 Et
1555 2001 1598 2032 ut
1615 1997 1686 2034 ista
1705 1998 1838 2036 devota

301 2042 449 2079 donacio
475 2056 553 2079 mea
578 2044 842 2093 imperpetuum
867 2051 946 2082 rata
971 2048 1019 2083 sit
1046 2053 1082 2084 et
1109 2049 1319 2088 inconcussa
1341 2054 1425 2091 huic
1446 2059 1607 2104 presenti
1632 2065 1730 2097 carte
1758 2075 1837 2098 mee

301 2105 458 2152 sigillum
475 2118 592 2142 meum
611 2111 664 2142 est
681 2119 879 2155 appensum
895 2121 968 2145 una
985 2122 1066 2146 cum
1082 2111 1208 2159 sigillis
1232 2117 1501 2154 communitatis
1518 2119 1625 2169 burgi
1647 2121 1692 2158 de
1709 2123 1782 2159 Are
1801 2128 1838 2159 et

302 2166 459 2203 officialis
487 2167 629 2204 ecclesie
657 2168 887 2218 Glasguensis
914 2183 1021 2207 causa
1047 2173 1191 2210 maioris
1221 2177 1419 2215 testimonii
1448 2183 1582 2229 apponi
1608 2186 1838 2231 presentibus

300 2228 428 2264 litteris
444 2230 631 2277 procuravi
643 2230 712 2266 hiis
729 2231 882 2268 testibus
900 2232 1054 2270 Roberto
1069 2234 1167 2272 Smal
1181 2241 1269 2274 tunc
1288 2239 1524 2289 aldyrmanno
1542 2244 1588 2281 de
1601 2246 1674 2283 Are
1691 2247 1839 2285 Andrea

302 2290 346 2326 de
364 2290 537 2327 Crauford
560 2296 596 2328 et
613 2291 742 2340 Atkyn
760 2293 804 2329 de
832 2293 940 2330 Barre
968 2299 1056 2332 tunc
1083 2296 1225 2335 ballivis
1253 2300 1342 2337 dicti
1368 2303 1475 2354 burgi
1502 2307 1547 2343 de
1564 2307 1638 2345 Are
1655 2309 1838 2349 Wfflelmo

302 2352 531 2390 Halfemarck
564 2359 651 2390 tunc
685 2355 832 2391 custode
872 2356 981 2405 sigilli
1020 2361 1290 2399 communitatis
1323 2377 1388 2412 pro
1422 2372 1511 2405 tunc
1544 2370 1729 2410 Wfflelmo
1762 2374 1838 2412 filio

302 2414 450 2451 Martini
466 2416 593 2464 Atkyn
609 2417 720 2453 Blake
738 2422 775 2453 et
792 2417 911 2454 Adam
927 2418 1076 2457 Browne
1094 2434 1176 2458 cum
1201 2425 1327 2463 multis
1350 2428 1438 2465 aliis.
1490 2431 1629 2470 Datum
1650 2436 1749 2484 apud
1765 2437 1838 2475 Are

301 2481 402 2513 sexto
420 2477 554 2514 decimo
572 2479 630 2515 die
646 2480 779 2516 mensis
796 2480 886 2516 Maii
904 2494 997 2518 anno
1014 2484 1130 2531 gracie
1147 2492 1226 2522 mmo
1245 2500 1303 2525 ccc
1321 2492 1595 2543 quadragesimo
1613 2503 1751 2537 octavo,
