2130 2962
308 221 346 249 32
557 219 772 251 CHARTERS
795 221 846 252 OF
868 221 950 251 THE
972 219 1121 251 FRIARs
1143 218 1387 250 PREAOHERS
1410 218 1462 250 OF
1483 218 1578 250 AYR.

306 312 350 348 de
369 312 441 349 Are
459 313 503 350 de
529 314 698 351 mandato
725 319 847 352 nostro
875 316 970 352 visas
996 315 1106 352 lectas
1133 315 1313 364 inspectas
1336 318 1373 350 et
1399 313 1592 362 diligenter
1619 313 1843 349 examinatas

305 388 379 412 non
405 389 503 413 rasas
530 390 604 413 non
637 377 788 414 abolitas
818 391 891 414 non
920 378 1132 414 cancellatas
1161 390 1227 414 nec
1255 377 1293 413 in
1324 376 1444 424 aliqua
1474 376 1531 411 sui
1557 380 1659 424 parte
1689 376 1842 412 viciatas

305 438 523 475 intellexisse
553 440 619 476 sub
650 440 717 476 hac
746 440 860 476 forma
890 440 1068 477 Robertus
1097 440 1167 476 Dei
1196 439 1315 489 gracia
1343 451 1407 475 rex
1437 438 1644 475 Scottorum
1674 438 1842 474 omnibus

306 501 427 549 probis
455 502 657 539 hominibus
684 503 800 539 tocius
829 508 921 539 terre
952 516 1014 539 sue
1044 503 1197 539 salutem
1227 502 1355 539 Sciatis
1385 514 1450 538 nos
1480 505 1546 549 pro
1577 501 1693 537 salute
1723 500 1842 536 anime

306 569 428 600 nostre
453 569 489 600 et
511 566 710 601 animarum
735 571 997 602 antecessorum
1015 570 1051 602 et
1077 578 1318 602 successorum
1344 569 1549 601 nostrorum
1575 576 1702 612 regum
1721 562 1842 599 Scocie

308 628 518 663 concessisse
536 632 572 663 et
589 628 654 664 hac
671 629 828 676 presenti
846 633 943 664 carta
968 633 1089 664 nostra
1107 628 1331 664 confirmasse
1348 627 1534 663 Fratribus
1552 624 1842 662 Predicatoribus

308 688 352 724 de
369 688 441 725 Are
459 690 555 737 quod
572 690 642 738 ipsi
668 690 777 726 libere
803 691 940 726 molant
967 691 1044 727 sine
1071 691 1230 727 multura
1257 690 1304 726 ad
1331 689 1537 726 molendina
1564 693 1688 724 nostra
1705 688 1751 724 de
1768 687 1841 723 Are

307 751 414 787 blada
441 752 487 788 ad
503 752 641 788 victum
669 765 790 788 eorum
817 753 1109 801 qualitercunque
1136 753 1333 789 necessaria
1351 757 1387 789 et
1415 752 1512 800 quod
1539 751 1609 800 ipsi
1636 751 1676 786 in
1703 750 1840 786 molen-

307 813 392 849 dino
410 814 482 849 sint
499 814 600 850 nobis
617 814 847 861 proximiores
866 814 945 862 alijs
972 814 1243 863 quibuscunque
1269 814 1308 850 in
1335 814 1552 850 molendinis
1579 813 1752 861 predictis
1795 812 1841 848 In

306 877 406 912 cuius
431 877 482 912 rei
506 877 752 913 testimonium
779 877 935 924 presenti
962 881 1056 913 carte
1084 877 1242 925 sigillum
1269 882 1433 913 nostrum
1460 877 1677 925 precipimus
1705 875 1841 923 apponi

303 939 457 974 testibus
484 938 642 975 Waltero
668 940 712 975 de
739 939 924 975 Twinham
952 939 1157 975 cancellario
1185 944 1307 976 nostro
1335 940 1472 976 Thoma
1496 939 1682 987 Ranulphi
1709 938 1840 974 comite

305 1001 465 1037 Moravie
492 1001 635 1037 domino
661 1001 763 1037 vallis
790 1001 955 1037 Anandie
982 1006 1018 1037 et
1040 1002 1188 1037 Mannie
1212 1006 1343 1050 nepote
1369 1008 1494 1038 nostro
1529 1002 1554 1038 J
1555 1002 1664 1038 acobo
1691 1001 1838 1037 domino

305 1063 349 1098 de
366 1062 525 1111 Douglas
546 1068 582 1099 et
607 1062 811 1099 Alexandro
835 1063 879 1099 de
905 1062 1015 1099 Seton
1031 1062 1209 1098 militibus
1262 1063 1374 1111 Apud
1392 1064 1648 1100 Inchemichell
1665 1063 1838 1099 vicesimo

304 1125 418 1172 primo
453 1125 511 1160 die
544 1125 573 1160 F
575 1125 724 1173 ebruarij
762 1138 855 1161 anno
893 1125 994 1173 regni
1026 1125 1138 1161 nostri
1165 1126 1334 1161 vicesimo
1370 1126 1481 1162 tercio
1512 1125 1676 1162 Secunde
1715 1130 1838 1160 autern

304 1191 399 1222 carte
418 1186 697 1222 confirmacionis
714 1192 817 1222 tenor
833 1187 915 1222 talis
936 1191 990 1222 est
1007 1186 1183 1222 Robertus
1200 1187 1269 1223 Dei
1280 1188 1399 1235 gracia
1411 1200 1475 1223 rex
1494 1187 1702 1223 Scottorum
1723 1187 1838 1222 omni-

303 1248 370 1284 bus
403 1248 522 1296 probis
551 1248 755 1284 hominibus
784 1249 857 1285 suis
888 1249 934 1284 ad
961 1261 1049 1296 quos
1082 1254 1264 1296 presentes
1289 1249 1391 1285 litere
1416 1250 1648 1298 pervenerint
1683 1249 1837 1285 salutem

303 1309 431 1346 Sciatis
448 1323 513 1345 nos
529 1310 649 1346 literas
667 1310 812 1346 celebris
829 1311 996 1346 memorie
1024 1311 1160 1346 domini
1188 1311 1247 1347 avi
1273 1312 1529 1359 predecessoris
1557 1312 1672 1348 nostri
1700 1312 1839 1348 domini

303 1372 448 1408 Roberti
465 1372 534 1407 Dei
551 1372 668 1419 gracia
684 1372 777 1420 regis
802 1371 1004 1407 Scottorum
1022 1372 1067 1408 de
1083 1372 1254 1408 mandato
1276 1378 1398 1409 nostro
1416 1374 1512 1410 visas
1528 1374 1640 1410 lectas
1658 1375 1838 1422 inspectas

303 1440 340 1471 et
357 1435 546 1484 diligenter
563 1435 783 1471 examinatas
800 1447 872 1469 non
889 1434 1037 1470 viciatas
1063 1447 1136 1470 non
1161 1435 1373 1472 cancellatas
1390 1449 1463 1472 non
1480 1449 1577 1472 rasas
1593 1450 1667 1472 non
1685 1437 1837 1474 abolitas

303 1502 357 1533 set
374 1497 471 1533 omni
488 1509 630 1544 prorsus
647 1497 740 1533 vicio
759 1501 795 1532 et
813 1496 1011 1544 suspicione
1030 1501 1188 1533 carentes
1205 1497 1424 1534 intellexisse
1442 1498 1487 1534 de
1504 1499 1613 1535 verbo
1627 1499 1674 1535 ad
1686 1499 1837 1536 verbum

303 1559 369 1595 sub
386 1559 452 1594 hac
477 1559 591 1594 forma
638 1559 814 1594 Robertus
832 1557 901 1593 Dei
918 1558 1035 1606 gracia
1050 1570 1113 1593 rex
1132 1558 1335 1595 Scottorum
1361 1560 1527 1596 omnibus
1543 1561 1665 1609 probis
1682 1562 1836 1598 homini-

302 1621 369 1657 bus
397 1622 511 1657 tocius
538 1626 630 1656 terre
658 1633 720 1656 sue
748 1620 900 1656 salutem
928 1619 1056 1656 Sciatis
1083 1633 1148 1656 nos
1174 1633 1239 1668 pro
1267 1622 1384 1658 salute
1414 1623 1532 1659 anime
1559 1629 1681 1660 nostre
1709 1629 1747 1660 et
1773 1637 1837 1673 pro

303 1683 418 1718 salute
452 1683 650 1719 animarum
685 1687 946 1718 antecessorum
980 1686 1017 1717 et
1051 1694 1292 1718 successorum
1325 1689 1529 1721 nostrorum
1562 1699 1690 1734 regum
1716 1686 1838 1723 Scocie

303 1745 442 1781 dedisse
460 1745 668 1781 concessisse
686 1749 722 1780 et
738 1757 801 1791 per
818 1748 1000 1791 presentes
1018 1743 1140 1780 literas
1157 1750 1295 1781 nostras
1313 1746 1541 1784 confirmasse
1557 1749 1733 1797 religiosis
1751 1750 1839 1786 viris

301 1807 411 1855 priori
429 1812 464 1843 et
482 1807 675 1843 conventui
692 1806 859 1842 Fratrum
873 1806 1140 1841 Predicatorum
1154 1807 1198 1843 de
1215 1807 1288 1844 Are
1304 1809 1439 1857 viginti
1456 1810 1565 1846 libras
1584 1812 1838 1861 sterlingorum

301 1869 346 1904 de
365 1869 555 1904 elemosina
571 1873 692 1904 nostra
717 1868 860 1916 speciali
877 1868 924 1903 ad
940 1868 1242 1905 sustentacionem
1269 1871 1412 1907 ecclesie
1430 1877 1467 1908 et
1484 1872 1673 1909 domorum
1692 1887 1837 1911 suarum

300 1930 543 1978 percipiendas
570 1930 758 1966 annuatim
783 1930 827 1965 de
853 1930 978 1978 primis
1003 1930 1115 1967 firmis
1142 1932 1429 1970 molendinorum
1455 1940 1661 1972 nostrorum
1679 1943 1716 1973 et
1732 1937 1838 1988 burgi

300 1993 413 2029 nostri
430 1992 474 2028 de
491 1992 562 2028 Are
580 1992 626 2028 ad
642 1993 812 2028 terminos
830 1992 1060 2028 Pentecostes
1078 1998 1114 2029 et
1132 1993 1256 2030 Sancti
1273 1995 1424 2032 Martini
1449 1997 1488 2033 in
1513 2011 1619 2046 yeme
1636 2012 1701 2047 pro
1720 2002 1844 2058 equali⁴

299 2055 465 2103 porcione
482 2068 545 2103 per
570 2068 697 2090 manus
715 2054 902 2102 Camerarij
922 2055 1036 2091 nostri
1062 2055 1182 2092 Scocie
1201 2061 1237 2092 et
1254 2058 1502 2096 ministrorum
1529 2074 1675 2098 suorum
1693 2063 1757 2111 qui
1773 2076 1838 2112 pro

299 2122 458 2165 tempore
474 2117 608 2153 fuerint
633 2116 765 2164 absque
784 2116 902 2164 aliqua
920 2117 1203 2154 contradiccione
1246 2119 1291 2155 In
1314 2121 1415 2158 cuius
1436 2123 1488 2159 rei
1504 2124 1756 2162 testimonium
1774 2127 1838 2163 has

298 2179 420 2215 literas
438 2184 576 2215 nostras
593 2183 764 2227 perpetuo
782 2179 971 2215 duraturas
989 2179 1057 2216 sibi
1073 2179 1151 2216 fieri
1168 2180 1317 2218 fecimus
1333 2189 1502 2231 patentes
1521 2187 1619 2235 apud
1637 2187 1782 2225 Gervan
1799 2190 1839 2226 in

300 2241 423 2278 Oarrik
440 2247 542 2278 sexto
560 2242 617 2278 die
644 2241 828 2277 Februarii
848 2255 941 2277 anno
967 2242 1068 2290 regni
1094 2243 1209 2279 nostri
1234 2244 1403 2283 vicesimo
1429 2249 1540 2285 tercio
1593 2250 1839 2300 Quasquidem

297 2304 417 2340 literas
447 2305 486 2340 in
515 2304 681 2340 omnibus
708 2309 744 2341 et
770 2304 920 2352 singulis
946 2304 1113 2341 clausulis
1140 2306 1410 2346 condicionibus
1438 2311 1599 2349 articulis
1626 2318 1662 2350 et
1688 2315 1837 2352 circum—

297 2367 443 2415 stancijs
470 2367 542 2403 suis
568 2367 744 2403 universis
769 2367 883 2403 forma
907 2368 1043 2415 pariter
1068 2372 1105 2404 et
1132 2368 1260 2406 effectu
1290 2371 1511 2410 ratificamus
1538 2377 1778 2425 approbamus
1802 2384 1839 2415 et

296 2442 360 2477 pro
377 2430 479 2465 nobis
505 2434 541 2465 et
558 2430 689 2466 nostris
706 2430 895 2466 heredibus
921 2430 1188 2479 imperpetuum
1214 2433 1466 2473 confirmamus
1517 2438 1566 2475 Et
1583 2440 1840 2479 nichilominus

296 2504 360 2540 pro
386 2491 488 2527 nobis
515 2497 550 2528 et
585 2492 716 2529 eisdem
747 2493 879 2529 nostris
905 2492 1095 2530 heredibus
1129 2495 1279 2543 prefatis
1321 2498 1497 2548 religiosis
1533 2514 1578 2538 ex
1611 2503 1840 2542 habundanti
